%%% Months
@string{JAN = "January"}
@string{FEB = "February"}
@string{MAR = "March"}
@string{APR = "April"}
@string{MAY = "May"}
@string{JUN = "June"}
@string{JUL = "July"}
@string{AUG = "August"}
@string{SEP = "September"}
@string{OCT = "October"}
@string{NOV = "November"}
@string{DEC = "December"}

%%% Journals
@string{PIEEE = "Proceedings of the IEEE"}
@string{IEEEJSAC = "IEEE J.~Selected Areas in Communications"}
@string{IEEETN = "IEEE/ACM Trans.~Networking"}
@string{IEEETCOM = "IEEE Trans.~Communications"}
@string{IEEEMCOM = "IEEE Trans.~ Mobile Computing"}
@string{IEEETIT = "IEEE Trans.~Information Theory"}
@string{INTERNETWORK = "Journal of Internetworking: Research and Experience"}
@string{IJDACS = "International Journal on Digital and Analog Communication Systems"}
@string{IJCS = "International Journal on Communication Systems"}
@string{ACMTCS = "ACM Trans.~Computer Systems"}
@string{JACM = "J.~of the ACM"}
@string{MTA = "Multimedia Tools and Applications"}
@string{CC = "Computer Communications"}
@string{IPJ = "Internet Protocol Journal"}

%%% Magazines
@string{CACM = "Communications of the ACM"}
@string{COMPUTER = "IEEE Computer Magazine"}
@string{IEEECOM = "IEEE Communication Magazine"}
@string{IEEENET = "IEEE Network Magazine"}
@string{CCR = "ACM Computer Communication Review"}

%%% Conferences
@string{INFOCOM = "Proc.~of IEEE INFOCOM"}
@string{GLOBECOM = "Proc.~of IEEE GLOBECOM"}
@string{GINET = "Proc.~of IEEE Global Internet Symposium"}
@string{INET = "Proc.~of INET"}
@string{SIGCOMM = "Proc.~of ACM SIGCOMM"}
@string{CELLNET = "Proc.~of ACM SIGCOMM Workshop on Cellular Networks"}
@string{SIGMETRICS = "Proc.~of ACM SIGMETRICS"}
@string{HSNMC="Proc.~of High Speed Networking and Multimedia Computing Symp."}
@string{ICNP = "Proc.~of International Conference on Network Protocols"}
@string{ICC = "Proc.~of International Conference on Communications"}
@string{FTCS = "Proc.~of International Symposium on Fault-Tolerant Computing"}
@string{ITCOM = "Proc.~of Workshop on Scalability and Traffic Control in IP Networks, SPIE 
ITCOM Conference"}
@string{IMW = "Proc.~of ACM SIGCOMM IMW"}
@string{IMC = "Proc.~of ACM IMC"}
@string{HOTNETS = "Proc.~of Workshop on Hot Topics in Networks"}
%%%@string{NSDI = "Proc. Symposium on Networked Systems Design and Implementation"}
@string{NSDI = "Proc.~of USENIX NSDI"}
@string{OSDI = "Proc.~of USENIX OSDI"}
@string{MICNET = "Proc.~of ACM MICNET"}
@string{USENIX = "Proc.~of USENIX Security Symposium"}
@string{CCS = "Proc.~of ACM Computer and Communications Security"}
@string{TRUST = "Proc.~of Trust and Trustworthy Computing"}
@string{SPSM = "Proc.~of ACM SPSM"}
@string{NDSS = "Proc.~of Network and Distributed System Security Symposium"}
@string{IEEESP = "Proc.~of IEEE Symposium on Security and Privacy"}
@string{MOBICOM = "Proc.~of ACM MobiCom"}
@string{MOBISYS = "Proc.~of ACM MobiSys"}
@string{CSWS = "Proc.~of ACM CSWS"}
@string{SOSP = "Proc.~of ACM SOSP"}
@string{HOTMETRICS = "Proc.~of Workshop on Hot Topics in Measurement & Modeling of 
Computer Systems"}
@string{IEEEMASS="Proc.~of Mobile Adhoc and Sensor Systems"}
@string{CHANTS="Proc.~of ACM CHANTS"}
@string{MIDDLEWARE="Proc.~of ACM Middleware"}
@string{COMSNETS="Proc.~of COMSNETS"}
@string{CONEXT="Proc.~of ACM CoNEXT"}
@string{MMSYS="Proc.~of ACM MMSys"}
@string{NOMS="Proc.~of IEEE/IFIP NOMS"}


%%% Publishers
@string{AW="Addison-Wesley"}
@string{CP="Cisco Press"}
@string{PH="Prentice Hall"}

%%% bibentries

@inproceedings{HuaweiQoe,
	author = {Tsilimantos, Dimitrios and Karagkioules, Theodoros and Valentin, Stefan},
	title = {Classifying Flows and Buffer State for {Youtube's HTTP} Adaptive Streaming Service 
	in Mobile Networks},
	booktitle = MMSYS,
	year = {2018},
} 


@inproceedings{krishnamoorthi2018slow,
	title={Slow but Steady: Cap-based Client-Network Interaction for Improved Streaming 
	Experience},
	author={Krishnamoorthi, Vengatanathan and Carlsson, Niklas and Halepovic, Emir},
	booktitle={Proceedings of the IEEE/ACM International Symposium on Quality of Service 
	(IEEE/ACM IWQoS)},
	year={2018}
}

@inproceedings{trevisan2016towards,
	title={Towards web service classification using addresses and DNS},
	author={Trevisan, Martino and Drago, Idilio and Mellia, Marco and Munafo, Maurizio M},
	booktitle={Wireless Communications and Mobile Computing Conference (IWCMC), 2016 
	International},
	pages={38--43},
	year={2016},
	organization={IEEE}
}

@INPROCEEDINGS{Garcia2018, 
	author={J. Garcia and T. Korhonen and R. Andersson and F. VÃ¤stlund}, 
	booktitle={2018 IEEE 32nd International Conference on Advanced Information Networking 
	and Applications (AINA)}, 
	title={Towards Video Flow Classification at a Million Encrypted Flows Per Second}, 
	year={2018}, 
	volume={}, 
	number={}, 
	pages={358-365}
}

@INPROCEEDINGS{Shbair2016, 
	author={W. M. Shbair and T. Cholez and J. Francois and I. Chrisment}, 
	booktitle={NOMS 2016 - 2016 IEEE/IFIP Network Operations and Management Symposium}, 
	title={A multi-level framework to identify HTTPS services}, 
	year={2016}, 
	volume={}, 
	number={}, 
	pages={240-248}, 
	keywords={cryptography;hypermedia;learning (artificial intelligence);telecommunication 
	security;Web services;TLS-based encrypted traffic;security analysis;HTTPS traffic;security 
	breaches;secure tunnels;encrypted web pages;website fingerprinting;HTTPS 
	connections;multi-level identification framework;machine learning algorithms;encrypted 
	web services;Cryptography;Servers;Web pages;IP networks;Protocols;Payloads}, 
	doi={10.1109/NOMS.2016.7502818}, 
	ISSN={2374-9709}, 
	month={April},}

@ARTICLE{nguyen_tc, 
	author={T. T. T. Nguyen and G. Armitage}, 
	journal={IEEE Communications Surveys Tutorials}, 
	title={A survey of techniques for {Internet} traffic classification using machine learning}, 
	year={2008}, 
	volume={10}, 
	number={4}, 
	pages={56-76}, 
	keywords={Internet;Machine learning;Payloads;Telecommunication 
	traffic;Inspection;TCPIP;Protocols;Government;Intrusion detection;Telephony;Traffic 
	classification;Internet Protocol;Machine Learning;Real Time;Payload inspection;Flow 
	clustering;Statistical traffic properties}, 
	doi={10.1109/SURV.2008.080406}, 
	ISSN={1553-877X}, 
	month={Fourth}
}

@INPROCEEDINGS{Mazhar2018, 
	author={M. H. Mazhar and Z. Shafiq}, 
	booktitle=INFOCOM, 
	title={{Real-time Video Quality of Experience Monitoring for HTTPS and QUIC}},
	year={2018}
}


@article{OPSS17,
	title={A machine learning approach to classifying {YouTube QoE} based on encrypted 
	network traffic},
	author={Orsolic, Irena and Pevec, Dario and Suznjevic, Mirko and Skorin-Kapov, Lea},
	journal= {Proc. of Springer, Multimedia tools and applications},
	year={2017}
}

@online{citrix-stall,
	author = {Citrix},
	title = {Mobile Analytics Report},
	year = {2014},
	note={\url{http://tinyurl.com/n4qvgnf}},
	url={http://www.citrix.com/content/dam/citrix/en_us/documents/products-solutions/mobile-analytics-report-feb-2014.pdf?accessmode=direct},
}

@online{kpis,
	author={{3GPP}},
	title={{Key Performance Indicators (KPI) for Evolved Universal Terrestrial Radio Access 
	Network (E-UTRAN)}},
	year={2020},
	url={https://www.3gpp.org}
}


@book{snmp,
	title={SNMP, SNMPv2, SNMPv3, and RMON 1 and 2},
	author={Stallings, William},
	year={1998},
	publisher={Addison-Wesley Longman Publishing Co., Inc.}
}

@article{SMOTE,
	author = {Chawla, Nitesh V. and Bowyer, Kevin W. and Hall, Lawrence O. and Kegelmeyer, 
	W. Philip},
	title = {{SMOTE}: Synthetic Minority Over-sampling Technique},
	journal = {Journal of artificial intelligence research},
	year = {2002}
} 


@online{opera-stall,
	author={Opera},
	title={{Mobile operators and their customers still struggling with video stalling}},
	year={2014},
	note={\url{http://tinyurl.com/qxw4pwj}},
	url={http://www.operasoftware.com/press/releases/mobile/2014-02-24-2},
}

@INPROCEEDINGS{PESQ,
	author={A. W. Rix and J. G. Beerends and M. P. Hollier and A. P. Hekstra},
	booktitle={Proc. IEE ASSP},
	title={Perceptual evaluation of speech quality ({PESQ})-a new method for speech quality 
	assessment of telephone networks and codecs},
	year={2001}
}

@misc{liveGrowing,
	title = {{Live Stream growing as big as VOD}},
	howpublished={\url{https://www.muvi.com/blogs/live-stream-growing-big-vod.html}}
}

@inproceedings{macmillan2021measuring,
	title={Measuring the performance and network utilization of popular video conferencing 
	applications},
	author={MacMillan, Kyle and Mangla, Tarun and Saxon, James and Feamster, Nick},
	booktitle={Proceedings of the 21st ACM Internet Measurement Conference},
	year={2021}
}


@inproceedings{carofiglio2021characterizing,
	title={Characterizing the Relationship Between Application QoE and Network QoS for 
	Real-Time Services},
	author={Carofiglio, Giovanna and Grassi, Giulio and Loparco, Enrico and Muscariello, Luca 
	and Papalini, Michele and Samain, Jacques},
	booktitle={Proceedings of the ACM SIGCOMM 2021 Workshop on Network-Application 
	Integration},
	year={2021}
}

@misc{zoom_rtp,
	title = {{Zoom uses a bespoke extension of RTP}},
	year = {2020},
	author = {Citizen Lab},
	howpublished = 
	"\url{https://citizenlab.ca/2020/04/move-fast-roll-your-own-crypto-a-quick-look-at-the-confidentiality-of-zoom-meetings/}"
}

@inproceedings{chai2019importance,
	title={On the Importance of Encrypted-SNI (ESNI)) to Censorship Circumvention},
	author={Chai, Zimo and Ghafari, Amirhossein and Houmansadr, Amir},
	booktitle={9th USENIX Workshop on Free and Open Communications on the Internet (FOCI 
	19)},
	year={2019}
}
@inproceedings{borgolte2019dns,
	title={How dns over https is reshaping privacy, performance, and policy in the internet 
	ecosystem},
	author={Borgolte, Kevin and Chattopadhyay, Tithi and Feamster, Nick and Kshirsagar, Mihir 
	and Holland, Jordan and Hounsel, Austin and Schmitt, Paul},
	booktitle={TPRC47: The 47th Research Conference on Communication, Information and 
	Internet Policy},
	year={2019}
}

@inproceedings{star-flow,
	title={Scaling Hardware Accelerated Network Monitoring to Concurrent and Dynamic 
	Queries With $\{$* Flow$\}$},
	author={Sonchack, John and Michel, Oliver and Aviv, Adam J and Keller, Eric and Smith, 
	Jonathan M},
	booktitle={2018 USENIX Annual Technical Conference (USENIX ATC 18)},
	pages={823--835},
	year={2018}
}


@misc{voipQoE,
	title={{VoIP QoE}},
	url={www.voip-info.org/wiki/view/QoS}
}

@misc{HLS,
	author={Apple},
	title={{HLS}},
	url={https://developer.apple.com/streaming}
}

@misc{webrtc-stats,
	author={WebRTC},
	title={{WebRTC Stats}},
	url={
	https://www.w3.org/TR/webrtc-stats/#dom-rtcinboundrtpstreamstats-jitterbufferemittedcount}
}


@inproceedings{Festive,
	author = {Jiang, Junchen and Sekar, Vyas and Zhang, Hui},
	title = "{Improving Fairness, Efficiency, and Stability in {HTTP}-based Adaptive Video 
	Streaming with {FESTIVE}}",
	booktitle = {Proc. of ACM CoNEXT}, 
	year = {2012}
} 

@inproceedings{UntoldMiddleBoxStory,
	author = {Wang, Zhaoguang and Qian, Zhiyun and Xu, Qiang and Mao, Zhuoqing and Zhang, 
	Ming},
	title = {An Untold Story of Middleboxes in Cellular Networks},
	booktitle = SIGCOMM, 
	year = {2011},
} 

@inproceedings{BBA,
	author = {Huang, Te-Yuan and Johari, Ramesh and McKeown, Nick and Trunnell, Matthew 
	and Watson, Mark },
	title = "{A Buffer-Based Approach to Rate Adaptation: Evidence from a Large Video 
	Streaming Service}",
	booktitle = {Proc. of ACM SIGCOMM},
	year = {2014}
} 

@inproceedings{QDASH,
	author = {Mok, Ricky K. P. and Luo, Xiapu and Chan, Edmond W. W. and Chang, Rocky K. 
	C.},
	title = "{QDASH: A QoE-aware DASH System}",
	booktitle = MMSYS, 
	year = {2012},
	location = {Chapel Hill, North Carolina},
	pages = {11--22},
	keywords = {Dynamic Adaptive Streaming over HTTP, H.264/AVC, QoE, available 
	bandwidth, quality adaptation}
}

@inproceedings{videonoc,
	author = {Mangla, Tarun and Halepovic, Emir and Jana, Rittwik and Hwang, Kyung-Wook 
	and Platania, Marco and Ammar, Mostafa and Zegura, Ellen},
	title = "{{VideoNOC}: {Assessing} Video {QoE} for Network Operators using Passive 
	Measurements}",
	booktitle = MMSYS, 
	year = {2018}
}


@inproceedings{Erman:IMC:2011,
	author = {Erman, Jeffrey and Gerber, Alexandre and Ramakrishnan, K. K. and Sen, 
	Subhabrata and Spatscheck, Oliver},
	title = "{Over the Top Video: The Gorilla in Cellular Networks}",
	booktitle = IMC, 
	year = {2011},
	location = {Berlin, Germany},
	pages = {127--136},
	keywords = {network optimization},
} 

@inproceedings{ATTVIDEO,
	title="{Understanding the Impact of Network Dynamics on Mobile Video User Engagement}",
	author={Shafiq, M Zubair and Erman, Jeffrey and Ji, Lusheng and Liu, Alex X and Pang, 
	Jeffrey and Wang, Jia},
	booktitle= SIGMETRICS,
	year = {2014},
}

@ARTICLE{LASTMILE, 
	author={Fengyuan Ren and Chuang Lin}, 
	journal=IEEEMCOM, 
	title="{Modeling and Improving TCP Performance over Cellular Link with Variable 
	Bandwidth}", 
	year={2011}, 
	month={Aug}, 
	volume={10}, 
	number={8}, 
	pages={1057-1070}, 
}

@article{Dummynet,
	author = {Rizzo, Luigi},
	title = "{Dummynet: A Simple Approach to the Evaluation of Network Protocols}",
	journal = {SIGCOMM Comput. Commun. Rev.},
	issue_date = {Jan. 1997},
	volume = {27},
	number = {1},
	month = jan,
	year = {1997},
	issn = {0146-4833},
	pages = {31--41},
	numpages = {11},
	url = {http://doi.acm.org/10.1145/251007.251012},
	doi = {10.1145/251007.251012},
	acmid = {251012},
	publisher = {ACM},
	keywords = {TCP/IP, protocol evalutation, simulation},
} 

@ARTICLE{PFINFOCOM, 
	author={Borst, S.}, 
	journal=IEEETN, 
	title="{User-level performance of channel-aware scheduling algorithms in wireless data 
	networks}", 
	year={2005}, 
	month={June}, 
	volume={13}, 
	number={3}, 
	pages={636-647}, 
	doi={10.1109/TNET.2005.850215}, 
	ISSN={1063-6692},}

@inproceedings{mangla2018emimic,
	title={{eMIMIC: Estimating HTTP-based Video QoE Metrics from Encrypted Network 
	Traffic}},
	author={Mangla, Tarun and Halepovic, Emir and Ammar, Mostafa and Zegura, Ellen},
	year={2018},
	booktitle={Proc. of IEEE/IFIP TMA}
}

@inproceedings{OnOff,
	author = {Rao, Ashwin and Legout, Arnaud and Lim, Yeon-sup and Towsley, Don and 
	Barakat, Chadi and Dabbous, Walid},
	title = "{Network Characteristics of Video Streaming Traffic}",
	booktitle = CONEXT,
	year = {2011},
	pages = {25:1--25:12},
	articleno = {25},
	keywords = {Flash, HTML5, Netflix, Silverlight, YouTube, streaming strategies, video 
	streaming}
} 

@inproceedings {Trickle,
	author = {Monia Ghobadi and Yuchung Cheng and Ankur Jain and Matt Mathis},
	title = "{Trickle: Rate Limiting YouTube Video Streaming}",
	booktitle = {Proc.~of USENIX ATC},
	year = {2012},
	address = {Boston, MA},
	pages = {191--196}
}

@inproceedings{VideoMeasurement,
	author = {Jiang, Junchen and Sekar, Vyas and Stoica, Ion and Zhang, Hui},
	title = "{Shedding Light on the Structure of Internet Video Quality Problems in the Wild}",
	booktitle = CONEXT,
	year = {2013},
	pages = {357--368},
	numpages = {12},
	keywords = {measurement, performance}
} 

@inproceedings{Avis,
	author = {Chen, Jiasi and Mahindra, Rajesh and Khojastepour, Mohammad Amir and 
	Rangarajan, Sampath and Chiang, Mung},
	title = "{A Scheduling Framework for Adaptive Video Delivery over Cellular Networks}",
	booktitle = MOBICOM,
	year = {2013}
}
@inproceedings{PANE,
	author = {Ferguson, Andrew D. and Guha, Arjun and Liang, Chen and Fonseca, Rodrigo and 
	Krishnamurthi, Shriram},
	title = "{Participatory Networking: An API for Application Control of SDNs}",
	booktitle = SIGCOMM,
	year = {2013},
	pages = {327--338},
	numpages = {12},
	keywords = {openflow, participatory networking, software-defined networks},
} 
@INPROCEEDINGS{INFOBOX, 
	author={Narayan, S. and Bailey, S. and Daga, A}, 
	booktitle={High Performance Computing, Networking, Storage and Analysis (SCC), 2012 SC 
	Companion:}, 
	title="{Hadoop Acceleration in an OpenFlow-Based Cluster}", 
	year={2012}, 
	month={Nov}, 
	pages={535-538}, 
}

@inproceedings{Qava,
	author = {Chen, Jiasi and Ghosh, Amitabha and Magutt, Josphat and Chiang, Mung},
	title = "{QAVA: Quota Aware Video Adaptation}",
	booktitle = CONEXT,
	year = {2012},
	pages = {121--132},
	numpages = {12},
	keywords = {data quota, video rate adaptation, video streaming},
} 

@inproceedings{LTEMeas,
	author = {Huang, Junxian and Qian, Feng and Guo, Yihua and Zhou, Yuanyuan and Xu, 
	Qiang and Mao, Z. Morley and Sen, Subhabrata and Spatscheck, Oliver},
	title = "{An In-depth Study of LTE: Effect of Network Protocol and Application Behavior on 
	Performance}",
	booktitle = SIGCOMM,
	year = {2013},
	pages = {363--374},
	numpages = {12},
	keywords = {4g, bandwidth estimation, lte, resource underutilization, tcp performance},
} 
@inproceedings{InfoCom14,
	title="{Exploiting mobility in proportional fair cellular scheduling: Measurements and 
	algorithms}",
	author={Margolies, Robert and Sridharan, Ashwin and Aggarwal, Vaneet and Jana, Rittwik 
	and Shankaranarayanan, NK and Vaishampayan, Vinay A and Zussman, Gil},
	booktitle= INFOCOM,
	year = {2014},
	
}

@miscellaneous{Embrane,
	note={\url{http://www.embrane.com}}
}

@miscellaneous{openvswitch,
	note={\url{http://openvswitch.org}}
}

@miscellaneous{Barracuda,
	note={\url{https://www.barracuda.com}} 
}

@miscellaneous{SecurityMarketResearch,
	note={\url{http://www.abiresearch.com/market-research/product/1006059-world-enterprise-network-and-data-security}}
}

@miscellaneous{LTENetwork,
	note={\url{http://www.3gpp.org/technologies/keywords-acronyms/98-lte}}
}

@misc{DASH,
	title = {{DASH}},
	url={http://dashif.org/mpeg-dash/}
}

@misc{NETFLIXRATE,
	note={\url{http://www.tech-recipes.com/rx/7854/netflix-movie-player-use-keyboard-shortcuts-when-viewing-watch-instantly-videos/}}
}

@inproceedings{Krishnan:2012,
	author = {Krishnan, S. Shunmuga and Sitaraman, Ramesh K.},
	title = {Video Stream Quality Impacts Viewer Behavior: Inferring Causality Using 
	Quasi-experimental Designs},
	booktitle = IMC,
	year = {2012}
}

@inproceedings{Balachandran:2013,
	author = {Balachandran, Athula and Sekar, Vyas and Akella, Aditya and Seshan, Srinivasan 
	and Stoica, Ion and Zhang, Hui},
	title = {Developing a Predictive Model of Quality of Experience for {Internet} Video},
	booktitle = SIGCOMM, 
	year = {2013}
} 


%%%%%%%%%%%%ADDED CITATIONS
@article{bronzino2019inferring,
	title={Inferring streaming video quality from encrypted traffic: Practical models and 
	deployment experience},
	author={Bronzino, Francesco and Schmitt, Paul and Ayoubi, Sara and Martins, Guilherme 
	and Teixeira, Renata and Feamster, Nick},
	journal={Proceedings of the ACM on Measurement and Analysis of Computing Systems},
	%   volume={3},
	%   number={3},
	%   pages={1--25},
	year={2019},
	publisher={ACM New York, NY, USA}
}

@article{lee2022intelligent,
	title={An Intelligent Handover Mechanism Based on MOS Predictions for Real-Time Video 
	Conference Services in Mobile Networks},
	author={Lee, Tsung-Han and Chang, Lin-Huang and Chan, Ya-Shu},
	journal={Applied Sciences},
	%   volume={12},
	%   number={8},
	%   pages={4049},
	year={2022},
	publisher={Multidisciplinary Digital Publishing Institute}
}

@incollection{vakili2012qoe,
	title={QoE management in a video conferencing application},
	author={Vakili, Ahmad and Gr{\'e}goire, Jean-Charles},
	%   booktitle={Future Information Technology, Application, and Service},
	%   pages={191--201},
	year={2012},
	publisher={Springer}
}

@article{banitalebi2015effect,
	title={The effect of frame rate on 3D video quality and bitrate},
	author={Banitalebi-Dehkordi, Amin and Pourazad, Mahsa T and Nasiopoulos, Panos},
	journal={3D Research},
	%   volume={6},
	%   number={1},
	%   pages={1--13},
	year={2015},
	publisher={Springer}
}

% @misc{logicMon,
	% 	title={LogicMonitor: Network Monitoring},
	% 	author={},
	% 	year={},
	% 	publisher={}
	% }

% @misc{1000Eyes,
	% 	title={ThousandEyes: Digital Experience Monitoring},
	% 	author={},
	% 	year={2003},
	% 	publisher={}
	% }

@inproceedings {salsify,
	author = {Sadjad Fouladi and John Emmons and Emre Orbay and Catherine Wu and Riad S. 
	Wahby and Keith Winstein},
	title = {Salsify: {Low-Latency} Network Video through Tighter Integration between a Video 
	Codec and a Transport Protocol},
	booktitle = {15th USENIX Symposium on Networked Systems Design and Implementation 
	(NSDI 18)},
	year = {2018},
	% isbn = {978-1-939133-01-4},
	% address = {Renton, WA},
	% pages = {267--282},
	% url = {https://www.usenix.org/conference/nsdi18/presentation/fouladi},
	publisher = {USENIX Association},
	% month = apr,
}

@article{yang2011security,
	title={Security analysis of application layer protocols on wireless local area networks},
	author={Yang, Ming-hour},
	journal={Journal of Shanghai Jiaotong University (Science)},
	%   volume={16},
	%   number={5},
	%   pages={586--592},
	year={2011},
	publisher={Springer}
}

@article{hossfeld2016formal,
	title={Formal definition of QoE metrics},
	author={Hossfeld, Tobias and Heegaard, Poul E and Varela, Martin and M{\"o}ller, 
	Sebastian},
	journal={arXiv preprint arXiv:1607.00321},
	year={2016}
}

@inproceedings{carofiglio2021characterizing,
	title={Characterizing the Relationship Between Application QoE and Network QoS for 
	Real-Time Services},
	author={Carofiglio, Giovanna and Grassi, Giulio and Loparco, Enrico and Muscariello, Luca 
	and Papalini, Michele and Samain, Jacques},
	booktitle={Proceedings of the ACM SIGCOMM 2021 Workshop on Network-Application 
	Integration},
	%   pages={20--25},
	year={2021}
}

@inproceedings{nikravesh2016qoe,
	title={QoE inference without application control},
	author={Nikravesh, Ashkan and Hong, David Ke and Chen, Qi Alfred and Madhyastha, 
	Harsha V and Mao, Z Morley},
	booktitle={Proceedings of the 2016 workshop on QoE-based Analysis and Management of 
	Data Communication Networks},
	%   pages={19--24},
	year={2016}
}

@inproceedings{yan2017enabling,
	title={Enabling QoE learning and prediction of WebRTC video communication in WiFi 
	networks},
	author={Yan, Suying and Guo, Yuchun and Chen, Yishuai and Xie, Feng and Yu, Chenguang 
	and Liu, Yong},
	booktitle={Proceedings of the ICC},
	%   volume={2017},
	year={2017}
}

@article{henderson2008network,
	title={Network simulations with the ns-3 simulator},
	author={Henderson, Thomas R and Lacage, Mathieu and Riley, George F and Dowell, C and 
	Kopena, J},
	journal={SIGCOMM demonstration},
	% 	volume={15},
	% 	pages={17},
	year={2008}
}

@inproceedings{Piro:2011:LMN:2151054.2151129,
	author = {Piro, Giuseppe and Baldo, Nicola and Miozzo, Marco},
	title = {An LTE Module for the Ns-3 Network Simulator},
	booktitle = {Proceedings of the 4th International ICST Conference on Simulation Tools and 
	Techniques},
	series = {SIMUTools '11},
	year = {2011},
	isbn = {978-1-936968-00-8},
	location = {Barcelona, Spain},
	pages = {415--422},
	numpages = {8},
	url = {http://dl.acm.org/citation.cfm?id=2151054.2151129},
	acmid = {2151129},
	publisher = {ICST (Institute for Computer Sciences, Social-Informatics and 
	Telecommunications Engineering)},
	address = {ICST, Brussels, Belgium, Belgium},
	keywords = {LTE, MAC, PHY, RRM, channel, modeling, propagation, simulation},
}

@article{belgiumLte,
	author    = {van der Hooft, J. and Petrangeli, S. and Wauters, T. and Huysegems, R. and 
	Alface, P. R. and Bostoen, T. and De Turck, F.},
	title     = {{HTTP/2-Based Adaptive Streaming of HEVC Video Over 4G/LTE Networks}},
	journal   = {IEEE Comm. Letters},
	year      = {2016}
}

@article{bartolec2022impact,
	title={Impact of User Playback Interactions on In-Network Estimation of Video Streaming 
	Performance},
	author={Bartolec, Ivan and Orsolic, Irena and Skorin-Kapov, Lea},
	journal={IEEE Transactions on Network and Service Management},
	year={2022},
	publisher={IEEE}
}

@inproceedings{cranor2003gigascope,
	title={Gigascope: a stream database for network applications},
	author={Cranor, Chuck and Johnson, Theodore and Spataschek, Oliver and Shkapenyuk, 
	Vladislav},
	booktitle={ACM SIGMOD},
	year={2003}
}

@inproceedings{gupta2018sonata,
	title={{Sonata: Query-driven streaming network telemetry}},
	author={Gupta, Arpit and Harrison, Rob and Canini, Marco and Feamster, Nick and Rexford, 
	Jennifer and Willinger, Walter},
	booktitle={ACM SIGCOMM},
	year={2018}
}


@article {norway3g,
	title = {Video Streaming Using a Location-Based Bandwidth-Lookup Service for Bitrate 
	Planning},
	journal = {ACM TOMCCAP},
	year = {2011},
	author = {Riiser, Haakon and Endestad, Tore and Vigmostad, Paul and Griwodz, Carsten and 
	Halvorsen, P{\r a}l}
}


@inproceedings{Baldo:2011:OSP:2068897.2068948,
	author = {Baldo, Nicola and Miozzo, Marco and Requena-Esteso, Manuel and Nin-Guerrero, 
	Jaume},
	title = {An Open Source Product-oriented LTE Network Simulator Based on Ns-3},
	booktitle = {Proceedings of the 14th ACM International Conference on Modeling, Analysis 
	and Simulation of Wireless and Mobile Systems},
	series = {MSWiM '11},
	year = {2011},
	isbn = {978-1-4503-0898-4},
	location = {Miami, Florida, USA},
	pages = {293--298},
	numpages = {6},
	url = {http://doi.acm.org/10.1145/2068897.2068948},
	doi = {10.1145/2068897.2068948},
	acmid = {2068948},
	publisher = {ACM},
	address = {New York, NY, USA},
	keywords = {3GPP, LTE, NS-3, e-utra, scheduling, simulator},
} 
@Inbook{Johnson1996,
	author="Johnson, David B.
	and Maltz, David A.",
	editor="Imielinski, Tomasz
	and Korth, Henry F.",
	title="Dynamic Source Routing in Ad Hoc Wireless Networks",
	bookTitle="Mobile Computing",
	year="1996",
	publisher="Springer US",
	address="Boston, MA",
	pages="153--181",
	isbn="978-0-585-29603-6",
	doi="10.1007/978-0-585-29603-6_5",
	url="http://dx.doi.org/10.1007/978-0-585-29603-6_5"
}
@article {WCM:WCM72,
	author = {Camp, Tracy and Boleng, Jeff and Davies, Vanessa},
	title = {A survey of mobility models for ad hoc network research},
	journal = {Wireless Communications and Mobile Computing},
	volume = {2},
	number = {5},
	publisher = {John Wiley & Sons, Ltd.},
	issn = {1530-8677},
	url = {http://dx.doi.org/10.1002/wcm.72},
	doi = {10.1002/wcm.72},
	pages = {483--502},
	keywords = {ad hoc networks, mobility models, entity mobility models, group mobility 
	models},
	year = {2002},
}

@book{Box:1994:TSA:561899,
	author = {Box, George Edward Pelham and Jenkins, Gwilym M.},
	title = {Time Series Analysis: Forecasting and Control},
	year = {1994},
	isbn = {0130607746},
	edition = {3rd},
	publisher = {Prentice Hall PTR},
	address = {Upper Saddle River, NJ, USA},
} 

@inproceedings{nistico2020comparative,
	title={A comparative study of RTC applications},
	author={Nistico, Antonio and Markudova, Dena and Trevisan, Martino and Meo, Michela and 
	Carofiglio, Giovanna},
	booktitle={2020 IEEE International Symposium on Multimedia (ISM)},
	% 	pages={1--8},
	year={2020},
	% 	organization={IEEE}
}

@Article{Breiman2001,
	author="Breiman, Leo",
	title="Random Forests",
	journal="Machine Learning",
	year="2001",
	volume="45",
	number="1",
	pages="5--32",
	abstract="Random forests are a combination of tree predictors such that each tree depends 
	on the values of a random vector sampled independently and with the same distribution for 
	all trees in the forest. The generalization error for forests converges a.s. to a limit as the 
	number of trees in the forest becomes large. The generalization error of a forest of tree 
	classifiers depends on the strength of the individual trees in the forest and the correlation 
	between them. Using a random selection of features to split each node yields error rates 
	that compare favorably to Adaboost (Y. Freund {\&} R. Schapire, Machine Learning: 
	Proceedings of the Thirteenth International conference, ***, 148--156), but are more robust 
	with respect to noise. Internal estimates monitor error, strength, and correlation and these 
	are used to show the response to increasing the number of features used in the splitting. 
	Internal estimates are also used to measure variable importance. These ideas are also 
	applicable to regression.",
	issn="1573-0565",
	doi="10.1023/A:1010933404324",
	url="http://dx.doi.org/10.1023/A:1010933404324"
}


@inproceedings{Xu:2013:PNP:2462456.2464453,
	author = {Xu, Qiang and Mehrotra, Sanjeev and Mao, Zhuoqing and Li, Jin},
	title = {PROTEUS: Network Performance Forecast for Real-time, Interactive Mobile 
	Applications},
	booktitle = {Proceeding of the 11th Annual International Conference on Mobile Systems, 
	Applications, and Services},
	series = {MobiSys '13},
	year = {2013},
	isbn = {978-1-4503-1672-9},
	location = {Taipei, Taiwan},
	pages = {347--360},
	numpages = {14},
	url = {http://doi.acm.org/10.1145/2462456.2464453},
	doi = {10.1145/2462456.2464453},
	acmid = {2464453},
	publisher = {ACM},
	address = {New York, NY, USA},
	keywords = {cellular network performance prediction, interactive applications, mobile 
	applications, real-time communication (RTC) applications},
} 

@inproceedings{Lu:2015:CRC:2699343.2699345,
	author = {Lu, Feng and Du, Hao and Jain, Ankur and Voelker, Geoffrey M. and Snoeren, Alex 
	C. and Terzis, Andreas},
	title = {CQIC: Revisiting Cross-Layer Congestion Control for Cellular Networks},
	booktitle = {Proceedings of the 16th International Workshop on Mobile Computing Systems 
	and Applications},
	series = {HotMobile '15},
	year = {2015},
	isbn = {978-1-4503-3391-7},
	location = {Santa Fe, New Mexico, USA},
	pages = {45--50},
	numpages = {6},
	url = {http://doi.acm.org/10.1145/2699343.2699345},
	doi = {10.1145/2699343.2699345},
	acmid = {2699345},
	publisher = {ACM},
	address = {New York, NY, USA},
	keywords = {cellular networks, congestion control, cross-layer, hspa+},
} 

@INPROCEEDINGS{7324640, 
	author={Z. Sayeed and E. Grinshpun and D. Faucher and S. Sharma}, 
	booktitle={2015 36th IEEE Sarnoff Symposium}, 
	title={Long-term application-level wireless link quality prediction}, 
	year={2015}, 
	pages={40-45}, 
	keywords={Long Term Evolution;Rayleigh channels;quality of experience;radio 
	links;telecommunication control;wireless channels;LTE;Long Term Evolution;Rayleigh 
	velocities;application layer;application-level link quality metric;control loops;long term 
	application level;quality of experience;radio channel congestions;radio link;rate adaptation 
	algorithms;transmission technology;user equipment;wireless link quality 
	prediction;Interference;Measurement;Predictive models;Signal to noise ratio;Streaming 
	media;Throughput;Training;Data Analytics;LTE;Prediction;Regression;Wireless}, 
	doi={10.1109/SARNOF.2015.7324640}, 
	month={Sept},}

@ARTICLE{6948288, 
	author={R. Margolies and A. Sridharan and V. Aggarwal and R. Jana and N. K. 
	Shankaranarayanan and V. A. Vaishampayan and G. Zussman}, 
	journal={IEEE/ACM Transactions on Networking}, 
	title={Exploiting Mobility in Proportional Fair Cellular Scheduling: Measurements and 
	Algorithms}, 
	year={2016}, 
	volume={24}, 
	number={1}, 
	pages={355-367}, 
	keywords={Delays;Market research;Mobile communication;Prediction 
	algorithms;Scheduling;Throughput;Cellular networks;channel state 
	prediction;measurements;mobility;proportional fairness;slow-fading}, 
	doi={10.1109/TNET.2014.2362928}, 
	ISSN={1063-6692}, 
	month={Feb},}

@inproceedings{Zou:2015:API:2699343.2699359,
	author = {Zou, Xuan Kelvin and Erman, Jeffrey and Gopalakrishnan, Vijay and Halepovic, 
	Emir and Jana, Rittwik and Jin, Xin and Rexford, Jennifer and Sinha, Rakesh K.},
	title = {Can Accurate Predictions Improve Video Streaming in Cellular Networks?},
	booktitle = {Proceedings of the 16th International Workshop on Mobile Computing Systems 
	and Applications},
	series = {HotMobile '15},
	year = {2015},
	isbn = {978-1-4503-3391-7},
	location = {Santa Fe, New Mexico, USA},
	pages = {57--62},
	numpages = {6},
	url = {http://doi.acm.org/10.1145/2699343.2699359},
	doi = {10.1145/2699343.2699359},
	acmid = {2699359},
	publisher = {ACM},
	address = {New York, NY, USA},
	keywords = {adaptation, algorithm, cellular, dash, design, http, performance, prediction, 
	video streaming},
} 

@inproceedings{Huang:2014:BAR:2619239.2626296,
	author = {Huang, Te-Yuan and Johari, Ramesh and McKeown, Nick and Trunnell, Matthew 
	and Watson, Mark},
	title = {A Buffer-based Approach to Rate Adaptation: Evidence from a Large Video 
	Streaming Service},
	booktitle = {Proceedings of the 2014 ACM Conference on SIGCOMM},
	series = {SIGCOMM '14},
	year = {2014},
	isbn = {978-1-4503-2836-4},
	location = {Chicago, Illinois, USA},
	pages = {187--198},
	numpages = {12},
	url = {http://doi.acm.org/10.1145/2619239.2626296},
	doi = {10.1145/2619239.2626296},
	acmid = {2626296},
	publisher = {ACM},
	address = {New York, NY, USA},
	keywords = {http-based video streaming, video rate adaptation algorithm},
} 

@ARTICLE{6704839, 
	author={J. Jiang and V. Sekar and H. Zhang}, 
	journal={IEEE/ACM Transactions on Networking}, 
	title={Improving Fairness, Efficiency, and Stability in HTTP-Based Adaptive Video Streaming 
	With Festive}, 
	year={2014}, 
	volume={22}, 
	number={1}, 
	pages={326-340}, 
	keywords={hypermedia;video signal processing;video streaming;HTTP-based adaptive 
	video streaming;abstract player model;bandwidth estimation;bit-rate selection;chunk 
	scheduling;efficiency metric;fairness metric;multiple bit-rate-adaptive players;robust video 
	adaptation;stability metric;video players;Bandwidth;Bit 
	rate;Protocols;Robustness;Servers;Streaming media;Bit-rate 
	adaptation;DASH;HTTP;Internet video;quality of experience (QoE)}, 
	doi={10.1109/TNET.2013.2291681}, 
	ISSN={1063-6692}, 
	month={Feb},}

@inproceedings{Mangla:2016:VTC:2910018.2910653,
	author = {Mangla, Tarun and Theera-Ampornpunt, Nawanol and Ammar, Mostafa and 
	Zegura, Ellen and Bagchi, Saurabh},
	title = {Video Through a Crystal Ball: Effect of Bandwidth Prediction Quality on Adaptive 
	Streaming in Mobile Environments},
	booktitle = {Proceedings of the 8th International Workshop on Mobile Video},
	series = {MoVid '16},
	year = {2016},
	isbn = {978-1-4503-4357-2},
	location = {Klagenfurt, Austria},
	pages = {1:1--1:6},
	articleno = {1},
	numpages = {6},
	url = {http://doi.acm.org/10.1145/2910018.2910653},
	doi = {10.1145/2910018.2910653},
	acmid = {2910653},
	publisher = {ACM},
	address = {New York, NY, USA},
	keywords = {ABR, QoE, bandwidth prediction, mobility, video streaming},
} 

@INPROCEEDINGS{752157, 
	author={B. Liang and Z. J. Haas}, 
	booktitle={INFOCOM '99. Eighteenth Annual Joint Conference of the IEEE Computer and 
	Communications Societies. Proceedings. IEEE}, 
	title={Predictive distance-based mobility management for PCS networks}, 
	year={1999}, 
	volume={3}, 
	pages={1377-1384 vol.3}, 
	keywords={Gaussian processes;Markov processes;cellular radio;personal communication 
	networks;prediction theory;probability;radio tracking;telecommunication network 
	management;GSM;Gauss-Markov model;call patterns;correlation;destination mobile;future 
	location prediction;mobile location inspection frequency;mobile tracking;mobile 
	velocity;mobility management cost;network paging;nonpredictive distance-based 
	scheme;page cost;performance;predictive distance-based mobility 
	management;probability;simulations;threshold distance;update cost;user mobility 
	patterns;wireless PCS networks;Communication standards;Costs;Frequency;Gaussian 
	processes;Inspection;Mobile radio mobility management;North America;Personal 
	communication networks;Telecommunication traffic;Wireless communication}, 
	doi={10.1109/INFCOM.1999.752157}, 
	ISSN={0743-166X}, 
	month={Mar},}

@inproceedings{cs2p,
	author = {Sun, Yi and Yin, Xiaoqi and Jiang, Junchen and Sekar, Vyas and Lin, Fuyuan and 
	Wang, Nanshu and Liu, Tao and Sinopoli, Bruno},
	title = {CS2P: Improving Video Bitrate Selection and Adaptation with Data-Driven 
	Throughput Prediction},
	booktitle = {Proceedings of the 2016 ACM SIGCOMM Conference},
	series = {SIGCOMM '16},
	year = {2016},
	isbn = {978-1-4503-4193-6},
	location = {Florianopolis, Brazil},
	pages = {272--285},
	numpages = {14},
	url = {http://doi.acm.org/10.1145/2934872.2934898},
	doi = {10.1145/2934872.2934898},
	acmid = {2934898},
	publisher = {ACM},
	address = {New York, NY, USA},
	keywords = {Bitrate Adaptation, Dynamic Adaptive Streaming over HTTP (DASH), Internet 
	Video, TCP, Throughput Prediction},
} 

@article{He:2005:PLT:1090191.1080110,
	author = {He, Qi and Dovrolis, Constantine and Ammar, Mostafa},
	title = {On the Predictability of Large Transfer TCP Throughput},
	journal = {SIGCOMM Comput. Commun. Rev.},
	issue_date = {October 2005},
	volume = {35},
	number = {4},
	month = aug,
	year = {2005},
	issn = {0146-4833},
	pages = {145--156},
	numpages = {12},
	url = {http://doi.acm.org/10.1145/1090191.1080110},
	doi = {10.1145/1090191.1080110},
	acmid = {1080110},
	publisher = {ACM},
	address = {New York, NY, USA},
	keywords = {TCP modeling, network measurement, performance evaluation, time series 
	forecasting},
} 

@INPROCEEDINGS{1498450,
	author={Ningning Hu and Li Li and Z. M. Mao and P. Steenkiste and Jia Wang},
	booktitle={Proceedings IEEE 24th Annual Joint Conference of the IEEE Computer and 
	Communications Societies.},
	title={A measurement study of Internet bottlenecks},
	year={2005},
	volume={3},
	pages={1689-1700 vol. 3},
	keywords={Internet;queueing theory;telecommunication links;telecommunication network 
	routing;telecommunication traffic;Internet bottlenecks;bottleneck links;destination 
	clusters;link capacity;link traffic load;packet loss;queueing delay;router CPU load;router 
	memory load;Bandwidth;Delay effects;Loss measurement;Network 
	servers;Routing;Telecommunication traffic;Time measurement;Traffic control;Web and 
	internet services;Web server},
	doi={10.1109/INFCOM.2005.1498450},
	ISSN={0743-166X},
	month={March},}

@inproceedings{Zhang:2001:CIP:505202.505228,
	author = {Zhang, Yin and Duffield, Nick},
	title = {On the Constancy of Internet Path Properties},
	booktitle = {Proceedings of the 1st ACM SIGCOMM Workshop on Internet Measurement},
	series = {IMW '01},
	year = {2001},
	isbn = {1-58113-435-5},
	location = {San Francisco, California, USA},
	pages = {197--211},
	numpages = {15},
	url = {http://doi.acm.org/10.1145/505202.505228},
	doi = {10.1145/505202.505228},
	acmid = {505228},
	publisher = {ACM},
	address = {New York, NY, USA},
} 

@inproceedings {sprout,
	author = {Keith Winstein and Anirudh Sivaraman and Hari Balakrishnan},
	title = {Stochastic Forecasts Achieve High Throughput and Low Delay over Cellular 
	Networks},
	booktitle = {Presented as part of the 10th USENIX Symposium on Networked Systems 
	Design and Implementation (NSDI 13)},
	year = {2013},
	isbn = {978-1-931971-00-3},
	address = {Lombard, IL},
	pages = {459--471},
	url = {https://www.usenix.org/conference/nsdi13/technical-sessions/presentation/winstein},
	publisher = {USENIX},
}

@Inbook{Nikravesh2014,
	author="Nikravesh, Ashkan
	and Choffnes, David R.
	and Katz-Bassett, Ethan
	and Mao, Z. Morley
	and Welsh, Matt",
	title="Mobile Network Performance from User Devices: A Longitudinal, Multidimensional 
	Analysis",
	bookTitle="Passive and Active Measurement: 15th International Conference, PAM 2014, Los 
	Angeles, CA, USA, March 10-11, 2014, Proceedings",
	year="2014",
	publisher="Springer International Publishing",
	address="Cham",
	pages="12--22",
	isbn="978-3-319-04918-2",
	doi="10.1007/978-3-319-04918-2_2",
	url="http://dx.doi.org/10.1007/978-3-319-04918-2_2"
}

@Article{AroucheNunes2014,
	author="Arouche Nunes, Bruno Astuto
	and Veenstra, Kerry
	and Ballenthin, William
	and Lukin, Stephanie
	and Obraczka, Katia",
	title="A machine learning framework for TCP round-trip time estimation",
	journal="EURASIP Journal on Wireless Communications and Networking",
	year="2014",
	volume="2014",
	number="1",
	pages="47",
	abstract="In this paper, we explore a novel approach to end-to-end round-trip time (RTT) 
	estimation using a machine-learning technique known as the experts framework. In our 
	proposal, each of several `experts' guesses a fixed value. The weighted average of these 
	guesses estimates the RTT, with the weights updated after every RTT measurement based 
	on the difference between the estimated and actual RTT.",
	issn="1687-1499",
	doi="10.1186/1687-1499-2014-47",
	url="http://dx.doi.org/10.1186/1687-1499-2014-47"
}

@article{tcp_ex_machina,
	author = {Winstein, Keith and Balakrishnan, Hari},
	title = {TCP Ex Machina: Computer-generated Congestion Control},
	journal = {SIGCOMM Comput. Commun. Rev.},
	issue_date = {October 2013},
	volume = {43},
	number = {4},
	month = aug,
	year = {2013},
	issn = {0146-4833},
	pages = {123--134},
	numpages = {12},
	url = {http://doi.acm.org/10.1145/2534169.2486020},
	doi = {10.1145/2534169.2486020},
	acmid = {2486020},
	publisher = {ACM},
	address = {New York, NY, USA},
	keywords = {computer-designed algorithms, congestion control},
} 

@article{tcp_nice,
	author = {Venkataramani, Arun and Kokku, Ravi and Dahlin, Mike},
	title = {TCP Nice: A Mechanism for Background Transfers},
	journal = {SIGOPS Oper. Syst. Rev.},
	issue_date = {Winter 2002},
	volume = {36},
	number = {SI},
	month = dec,
	year = {2002},
	issn = {0163-5980},
	pages = {329--343},
	numpages = {15},
	url = {http://doi.acm.org/10.1145/844128.844159},
	doi = {10.1145/844128.844159},
	acmid = {844159},
	publisher = {ACM},
	address = {New York, NY, USA},
} 

@article{tcp_lp,
	author = {Kuzmanovic, Aleksandar and Knightly, Edward W.},
	title = {TCP-LP: Low-priority Service via End-point Congestion Control},
	journal = {IEEE/ACM Trans. Netw.},
	issue_date = {August 2006},
	volume = {14},
	number = {4},
	month = aug,
	year = {2006},
	issn = {1063-6692},
	pages = {739--752},
	numpages = {14},
	url = {http://dx.doi.org/10.1109/TNET.2006.879702},
	doi = {10.1109/TNET.2006.879702},
	acmid = {1217652},
	publisher = {IEEE Press},
	address = {Piscataway, NJ, USA},
	keywords = {TCP, TCP-LP, TCP-transparency, available bandwidth, service prioritization},
}

@article{CUBIC,
	author = {Ha, Sangtae and Rhee, Injong and Xu, Lisong},
	title = {CUBIC: A New TCP-friendly High-speed TCP Variant},
	journal = {SIGOPS Oper. Syst. Rev.},
	issue_date = {July 2008},
	volume = {42},
	number = {5},
	month = jul,
	year = {2008},
	issn = {0163-5980},
	pages = {64--74},
	numpages = {11},
	url = {http://doi.acm.org/10.1145/1400097.1400105},
	doi = {10.1145/1400097.1400105},
	acmid = {1400105},
	publisher = {ACM},
	address = {New York, NY, USA},
} 

@article{tcp_iw10,
	author = {Dukkipati, Nandita and Refice, Tiziana and Cheng, Yuchung and Chu, Jerry and 
	Herbert, Tom and Agarwal, Amit and Jain, Arvind and Sutin, Natalia},
	title = {An Argument for Increasing TCP's Initial Congestion Window},
	journal = {SIGCOMM Comput. Commun. Rev.},
	issue_date = {July 2010},
	volume = {40},
	number = {3},
	month = jun,
	year = {2010},
	issn = {0146-4833},
	pages = {26--33},
	numpages = {8},
	url = {http://doi.acm.org/10.1145/1823844.1823848},
	doi = {10.1145/1823844.1823848},
	acmid = {1823848},
	publisher = {ACM},
	address = {New York, NY, USA},
	keywords = {congestion control, internet measurements, tcp, web latency},
}

@inproceedings{Balakrishnan:1997:ASW:258612.258631,
	author = {Balakrishnan, Hari and Stemm, Mark and Seshan, Srinivasan and Katz, Randy H.},
	title = {Analyzing Stability in Wide-area Network Performance},
	booktitle = {Proceedings of the 1997 ACM SIGMETRICS International Conference on 
	Measurement and Modeling of Computer Systems},
	series = {SIGMETRICS '97},
	year = {1997},
	isbn = {0-89791-909-2},
	location = {Seattle, Washington, USA},
	pages = {2--12},
	numpages = {11},
	url = {http://doi.acm.org/10.1145/258612.258631},
	doi = {10.1145/258612.258631},
	acmid = {258631},
	publisher = {ACM},
	address = {New York, NY, USA},
} 

@online{ietf-tg,
	author={ Jain,  A. and Terzis, A. and Flinck, H. and Sprecher, N. and Arunachalam, S. and  
	Smith, K.},
	title={{Mobile Throughput Guidance Inband Signaling Protocol}},
	year={2015},
	url={https://tools.ietf.org/html/draft-flinck-mobile-throughput-guidance-02}
}

@inproceedings{Xie:2015:PPD:2789168.2790124,
	author = {Xie, Yaxiong and Li, Zhenjiang and Li, Mo},
	title = {Precise Power Delay Profiling with Commodity WiFi},
	booktitle = {Proceedings of the 21st Annual International Conference on Mobile Computing 
	and Networking},
	series = {MobiCom '15},
	year = {2015},
	isbn = {978-1-4503-3619-2},
	location = {Paris, France},
	pages = {53--64},
	numpages = {12},
	url = {http://doi.acm.org/10.1145/2789168.2790124},
	doi = {10.1145/2789168.2790124},
	acmid = {2790124},
	publisher = {ACM},
	address = {New York, NY, USA},
	keywords = {bandwidth, channel combination, channel state information (CSI), localization, 
	phase, power delay profile, resolution, wireless},
} 

@inproceedings{piStream,
	author = {Xie, Xiufeng and Zhang, Xinyu and Kumar, Swarun and Li, Li Erran},
	title = {piStream: Physical Layer Informed Adaptive Video Streaming over LTE},
	booktitle = {Proceedings of the 21st Annual International Conference on Mobile Computing 
	and Networking},
	series = {MobiCom '15},
	year = {2015},
	isbn = {978-1-4503-3619-2},
	location = {Paris, France},
	pages = {413--425},
	numpages = {13},
	url = {http://doi.acm.org/10.1145/2789168.2790118},
	doi = {10.1145/2789168.2790118},
	acmid = {2790118},
	publisher = {ACM},
	address = {New York, NY, USA},
	keywords = {LTE, MPEG-dash, adaptive streaming, http},
}

@inproceedings{Zaki:2015:ACC:2785956.2787498,
	author = {Zaki, Yasir and P\"{o}tsch, Thomas and Chen, Jay and Subramanian, 
	Lakshminarayanan and G\"{o}rg, Carmelita},
	title = {Adaptive Congestion Control for Unpredictable Cellular Networks},
	booktitle = {Proceedings of the 2015 ACM Conference on Special Interest Group on Data 
	Communication},
	series = {SIGCOMM '15},
	year = {2015},
	isbn = {978-1-4503-3542-3},
	location = {London, United Kingdom},
	pages = {509--522},
	numpages = {14},
	url = {http://doi.acm.org/10.1145/2785956.2787498},
	doi = {10.1145/2785956.2787498},
	acmid = {2787498},
	publisher = {ACM},
	address = {New York, NY, USA},
	keywords = {cellular network, congestion control, delay-based, transport protocol},
} 


@book{Rasmussen:2005:GPM:1162254,
	author = {Rasmussen, Carl Edward and Williams, Christopher K. I.},
	title = {Gaussian Processes for Machine Learning (Adaptive Computation and Machine 
	Learning)},
	year = {2005},
	isbn = {026218253X},
	publisher = {The MIT Press},
} 

@book{Cristianini:1999:ISV:345662,
	author = {Cristianini, Nello and Shawe-Taylor, John},
	title = {An Introduction to Support Vector Machines: And Other Kernel-based Learning 
	Methods},
	year = {2000},
	isbn = {0-521-78019-5},
	publisher = {Cambridge University Press},
	address = {New York, NY, USA},
}

@inproceedings{Aggarwal2014,
	author = {Aggarwal, Vaneet and Halepovic, Emir and Pang, Jeffrey and Venkataraman, 
	Shobha and Yan, He},
	title = {Prometheus: Toward Quality-of-experience Estimation for Mobile Apps from Passive 
	Network Measurements},
	booktitle = {Proc. of ACM HotMobile},
	year = {2014},
}



@online{3gpp_kpi,
	author={{3GPP}},
	title={{Key Performance Indicators (KPI) for Evolved Universal Terrestrial Radio Access 
	Network (E-UTRAN)}},
	year={2017},
	url={www.3gpp.org/DynaReport/32451.htm}
}

@inproceedings{Dimopoulos2016,
	author = {Dimopoulos, Giorgos and Leontiadis, Ilias and Barlet-Ros, Pere and Papagiannaki, 
	Konstantina},
	title = {Measuring Video {QoE} from Encrypted Traffic},
	booktitle = {Proc. ACM IMC},
	year = {2016},
	//isbn = {978-1-4503-4526-2},
	//location = {Santa Monica, California, USA},
	//pages = {513--526},
	//numpages = {14},
	//url = {http://doi.acm.org/10.1145/2987443.2987459},
	//doi = {10.1145/2987443.2987459},
	//acmid = {2987459},
	//publisher = {ACM},
	//address = {New York, NY, USA},
	//keywords = {encryption, network measurements, qoe, video streaming}
} 


@misc{rfc3550,
	title={RFC3550: RTP: A transport protocol for real-time applications},
	author={Schulzrinne, Henning and Casner, Steven and Frederick, R and Jacobson, Van},
	year={2003},
	publisher={RFC Editor}
}


@misc{huitema2003rfc3605,
	title={RFC3605: Real Time Control Protocol (RTCP) Attribute in Session Description 
	Protocol (SDP)},
	author={Huitema, C},
	year={2003},
	publisher={RFC Editor}
}

@article{rfc6184,
	title={RTP Payload Format for H. 264 Video},
	author={Jesup, R},
	journal={Internet Eng. Task Force, RFC},
	volume={6184},
	year={2011}
}

@article{rfc5109,
	title={RTP Payload Format for Generic Forward Error Correction, RFC 5109},
	author={Li, A},
	year={2007},
	publisher={Citeseer}
}

@INPROCEEDINGS{oneclick, 
	author={K. T. Chen and C. C. Tu and W. C. Xiao}, 
	booktitle={Proc. IEEE INFOCOM}, 
	title={{OneClick}: A Framework for Measuring Network Quality of Experience}, 
	year={2009}, 
	//pages={702-710}, 
	//keywords={computer games;electronic messaging;quality of 
	service;Flash;OneClick;PESQ;QoE;VQM;first-person shooter games;high media quality;high 
	throughput;instant messaging applications;interactivity;network experience 
	quality;objective quality assessment methods;perceptual evaluation of speech quality 
	model;quality of experience;responsiveness;video quality measurement model;Application 
	software;Communications Society;Computer science;Delay;Feedback;Information 
	science;Multidimensional systems;Quality assessment;Testing;Throughput}, 
	//doi={10.1109/INFCOM.2009.5061978}, 
	//ISSN={0743-166X}, 
	//month={April}
}

@INPROCEEDINGS{Joumblatt2013, 
	author={D. Joumblatt and J. Chandrashekar and B. Kveton and N. Taft and R. Teixeira}, 
	booktitle={Proc.~IEEE INFOCOM}, 
	title={Predicting user dissatisfaction with Internet application performance at end-hosts}, 
	year={2013}, 
	pages={235-239}, 
	keywords={computer network performance evaluation;ergonomics;internetworking;learning 
	(artificial intelligence);support vector machines;Internet application performance;data 
	labelling;end-hosts;feature selection;low-level data processing;low-level machine 
	metrics;low-level networking metrics;networking conditions;nonlinear SVM;personal 
	machines;quantization;supervised learning techniques;training sets;true-positive rates;user 
	dissatisfaction prediction;user-level feedback;Feature extraction;Measurement;Postal 
	services;Quality of service;Training;Vectors;YouTube}, 
	doi={10.1109/INFCOM.2013.6566770}, 
	ISSN={0743-166X}, 
	month={April}
}

@INPROCEEDINGS{Schatz2012, 
	author={R. Schatz and T. Hossfeld and P. Casas}, 
	booktitle={Proc. of IMIS}, 
	title={Passive {YouTube QoE} Monitoring for {ISPs}}, 
	year={2012},
}

@INPROCEEDINGS{Dimopoulos2013, 
	author={G. Dimopoulos and P. Barlet-Ros and J. Sanjuas-Cuxart}, 
	booktitle={Proc.~CNSM}, 
	title={{Analysis of YouTube user experience from passive measurements}}, 
	year={2013}, 
}



@article{staehle2010,
	title={YoMo: A YouTube application comfort monitoring tool},
	author={Staehle, Barbara and Hirth, Matthias and Pries, Rastin and Wamser, Florian and 
	Staehle, Dirk},
	journal={New Dimensions in the Assessment and Support of Quality of Experience for 
	Multimedia Applications, Tampere, Finland},
	pages={1--3},
	year={2010}
}

@inproceedings{gutterman2019requet,
	title={{Requet: Real-time {QoE} detection for encrypted youtube traffic}},
	author={Gutterman, Craig and Guo, Katherine and Arora, Sarthak and Wang, Xiaoyang and 
	Wu, Les and Katz-Bassett, Ethan and Zussman, Gil},
	booktitle= MMSYS,
	year={2019}
}


@inproceedings{breadcrumbs,
	author = {Nicholson, Anthony J. and Noble, Brian D.},
	title = {BreadCrumbs: Forecasting Mobile Connectivity},
	booktitle = {Proceedings of ACM MobiCom},
	year = {2008},
	location = {San Francisco, CA},
	pages = {46--57},
	url = {http://doi.acm.org/10.1145/1409944.1409952},
} 


@inproceedings{proteus,
	author = {Xu, Qiang and Mehrotra, Sanjeev and Mao, Zhuoqing and Li, Jin},
	title = {PROTEUS: Network Performance Forecast for Real-time, Interactive Mobile 
	Applications},
	booktitle = {Proceeding of ACM MobiSys},
	year = {2013},
	location = {Taipei, Taiwan},
	pages = {347--360},
	url = {http://doi.acm.org/10.1145/2462456.2464453},
} 

@misc{cisco-vni,
	title= {Cisco study},
	year = {2020},
	url={https://goo.gl/uz3SCN},
}

@misc{test-videos,
	title= {Test Videos},
	year = {2022},
	url={https://media.xiph.org/video/derf/},
}


@misc{tcp-info-mlab,
	title= {The M-Lab TCP INFO Data Set},
	year = {2022},
	url={https://measurementlab.net/tests/tcp-info},
}





@inproceedings{VyasDASHFrmWrk,
	author = {Yin, Xiaoqi and Sekar, Vyas and Sinopoli, Bruno},
	title = {Toward a Principled Framework to Design Dynamic Adaptive Streaming Algorithms 
	over HTTP},
	booktitle = {HOTNETS},
	series = {HotNets-XIII},
	year = {2014},
	isbn = {978-1-4503-3256-9},
	location = {Los Angeles, CA, USA},
	pages = {9:1--9:7},
	articleno = {9},
	numpages = {7},
	url = {http://doi.acm.org/10.1145/2670518.2673877},
	doi = {10.1145/2670518.2673877},
	acmid = {2673877},
	publisher = {ACM},
	address = {New York, NY, USA},
} 

@misc{GoogleNokia,
	title = {Mobile Throughput Guidance Signaling Protocol},
	note={\url{https://tools.ietf.org/id/draft-flinck-mobile-throughput-guidance-00.txt}},
	url={\url{https://tools.ietf.org/id/draft-flinck-mobile-throughput-guidance-00.txt}},
}


@inproceedings{EONA,
	author = {Jiang, Junchen and Liu, Xi and Sekar, Vyas and Stoica, Ion and Zhang, Hui},
	title = {{EONA}: Experience-Oriented Network Architecture},
	booktitle = {Proc.~ACM HotNets},
	//series = {HotNets-XIII},
	year = {2014},
	//isbn = {978-1-4503-3256-9},
	//location = {Los Angeles, CA, USA},
	//pages = {11:1--11:7},
	//articleno = {11},
	//numpages = {7},
	//url = {http://doi.acm.org/10.1145/2670518.2673878},
	//doi = {10.1145/2670518.2673878},
	//acmid = {2673878},
	//publisher = {ACM},
	//address = {New York, NY, USA},
	//keywords = {EONA, Network Architecture, User Experience},
} 


@inproceedings{KCE+15,
	author = {Vengatanathan Krishnamoorthi and others},
	aaauthor = {Vengatanathan Krishnamoorthi and Niklas Carlsson and Derek Eager and 
	Anirban Mahanti and Nahid Shahmehri},
	title = {Bandwidth-aware Prefetching for Proactive Multi-video Preloading and Improved 
	{HAS} Performance},
	booktitle = {Proc. ACM Multimedia},
	aaaddress = {Brisbane, Australia},
	mmmonth = {Oct.},
	year = {2015}
}
@article{ALLM12,
	author = {M. Allman},
	title = {Comments on Bufferbloat},
	journal = {ACM CCR},
	year = {2012}
}

@article{WPH+16,
	title = "Network-based video freeze detection and prediction in {HTTP} adaptive streaming",
	journal = "Comp. Comm.",
	year = "2016",
	author = "T. Wu and S. Petrangeli and R. Huysegems and T. Bostoen and F. De Turck",
}

@article{BSF+15,
	title = "{QoE}-driven in-network optimization for Adaptive Video Streaming based on packet 
	sampling measurements",
	journal = "Computer Networks ",
	year = "2015",
	author = "N. Bouten and R. de Schmidt and J. Famaey and S. Latre and A. Pras and F. De 
	Turck",
}

@inproceedings{HVS+12,
	author = {R. Huysegems and others},
	aaauthor = {R. Huysegems and B. De Vleeschauwer and K. De Schepper and C. Hawinkel 
	and T. Wu and K. Laevens and W. Van Leekwijck},
	title = {Session Reconstruction for {HTTP} Adaptive Streaming: Laying the Foundation for 
	Network-based {QoE} Monitoring},
	booktitle = {Proc. IWQoS},
	year = {2012},
}

@inproceedings{LSS+08,
	title={On-line estimation of the {QoE} of progressive download services in multimedia 
	access networks},
	author={S. Latr{\'e} and N. Staelens and P. Simoens and B. De Vleeschauwer and W. Van de 
	Meerssche and F. De Turck and B. Dhoedt and P. Demeester and S. Van den Berghe and R. 
	Huysegems and N. Verzijp},
	booktitle={Proc. ICOMP},
	year={2008}
}

@article{PaMo96,
	author = {V. Padmanabhan and J. Mogul},
	title = {Using Predictive Prefetching to Improve World Wide Web Latency},
	journal = {ACM CCR},
	year = {1996},
	aaaaddress = {New York, NY, USA},
} 

@Misc{3gpp14,
	title = "3GPP TR 26.938 version 12.0.0 Release 12",
	publisher = "European Telecommunications Standards Institute",
	year = "2014",
}

@INPROCEEDINGS{LEF+11, 
	author={T. Lohmar and T. Einarsson and P. Frojdh and F. Gabin and M. Kampmann}, 
	title={Dynamic adaptive {HTTP} streaming of live content},
	booktitle={Proc. IEEE WoWMoM}, 
	year={2011}, 
}

@Misc{ cisco14,
	title = "Cisco Visual Networking Index: Forecast and Methodology, 2013-2018",
	publisher = "Cisco Systems. INC",
	year = "2014",
}

@Misc{ cisco16,
	title = "Cisco Visual Networking Index: Forecast and Methodology, 2013-2018",
	publisher = "Cisco Systems. INC",
	year = "2016",
}



@INPROCEEDINGS{PaKa98,
	author = {V. Padmanabhan and R. Katz},
	title = {TCP Fast Start: A Technique For Speeding Up Web Transfers},
	year = {1998},
	booktitle = "Proc. IEEE Globecom",
}

@Article{ CMLE08,
	author = "N. Carlsson and A. Mahanti and Z. Li and D. L. Eager",
	title = "Optimized Periodic Broadcast of Nonlinear Media",
	journal={IEEE Trans. on Multimedia},
	volume={10},
	number={5},
	pages={871--884},
	year={2008},
}

@Article{ ZhEV07,
	author = "Y. Zhao and D. L. Eager and M. K. Vernon",
	title = "Scalable on-demand streaming of nonlinear media",
	journal = "IEEE/ACM Trans. on Networking",
	year = "2007",
	month={Oct},
	volume={15},
	number={5},
	pages={1149-1162},
}

@InProceedings{ Gotz06,
	author = "D. Gotz",
	booktitle = "Proc. ACM Multimedia",
	title = "Scalable and adaptive streaming for non-linear media.",
	year = "2006",
	aaaaddress = {Santa Barbara, CA},
	mmmonth = {Oct.}
}

@inproceedings{LWYX05,
	author = {Li, Yiqun and Wan, Kong Wah and Yan, Xin and Xu, Changsheng},
	title = {Real Time Advertisement Insertion in Baseball Video Based on Advertisement Effect},
	booktitle = {Proc. ACM Multimedia},
	year = {2005}
}

@inproceedings{KZGH13,
	author = {D. Krishnappa and M. Zink and C. Griwodz and P. Halvorsen},
	title = {Cache-centric Video Recommendation: An Approach to Improve the Efficiency of 
	{YouTube} Caches},
	booktitle = {Proc. ACM MMSys},
	year = {2013}
}

@inproceedings{CCY+11,
	author = {Cheng, An-Jung and Chen, Yan-Ying and Huang, Yen-Ta and Hsu, Winston H. and 
	Liao, Hong-Yuan Mark},
	title = {Personalized Travel Recommendation by Mining People Attributes from 
	Community-contributed Photos},
	booktitle = {Proc. ACM Multimedia},
	year = {2011}
}

@article{HCWM14,
	author = {Huang, Qinghua and Chen, Bisheng and Wang, Jingdong and Mei, Tao},
	title = {Personalized Video Recommendation Through Graph Propagation},
	journal = {ACM TOMM},
	mmmonth = {June},
	year = {2014}
}

@inproceedings{OKTK02,
	author = {Oshiba, Takashi and Koike, Yuichi and Tabuchi, Masahiro and Kamba, Tomonari},
	title = {Personalized Advertisement-duration Control for Streaming Delivery},
	booktitle = {Proc. ACM Multimedia},
	year = {2002}
}

@inproceedings{CuWS14,
	author = {Cui, Peng and Wang, Zhiyu and Su, Zhou},
	title = {What Videos Are Similar with You?: Learning a Common Attributed Representation 
	for Video Recommendation},
	booktitle = {Proc. ACM Multimedia},
	year = {2014}
}


@inproceedings{KuHG12,
	author = {T. Kupka and P. Halvorsen and C. Griwodz}, 
	title = {Performance of On-Off Traffic Stremming From Live Adaptive Segmented {HTTP} 
	Video Streaming},
	booktitle = {Proc. IEEE LCN},
	ppppages = {405--413}, 
	year = {2012}
}

@inproceedings{RLL+11,
	author = {A. Rao and A. Legout and Y. Lim and D. Towsley and  C. Barakat and W. Dabbous},
	title = {Network characteristics of video streaming traffic},
	booktitle = {Proc. ACM CoNEXT},
	year = {2011}
}


@inproceedings{KiCh11,
	author = {H. Kim and Y. Choi},
	title = {EmoSens: Affective Entity Scoring, A Novel Service Recommendation Framework for 
	Mobile Platform},
	journal = {Proc. ACM RecSys},
	year = {2011}
}

@article{Xavi12,
	author = {A. Xavier},
	title = {Mining Large Streams of User Data for Personalized Recommendations},
	journal = {ACM SIGKDD Explor. Newsl.},
	vvvvolume = {14},
	iiiissue = {2}, 
	mmmmonth = {Dec.}, 
	year = {2012}, 
	ppppages = {37--48} 
}

@inproceedings{DLL+10,
	author = {Davidson, James and Liebald, Benjamin and Liu, Junning and Nandy, Palash and 
	Van Vleet, Taylor and Gargi, Ullas and Gupta, Sujoy and He, Yu and Lambert, Mike and 
	Livingston, Blake and Sampath, Dasarathi},
	title = {The {YouTube} Video Recommendation System},
	booktitle = {Proc. ACM RecSys},
	year = {2010},
	aaadress = {Barcelona, Spain},
	pppages = {293--296},
}

@incollection{PaBi07,
	author = {Michael J. Pazzani and Daniel Billsus},
	title = {Content-Based Recommendation Systems},
	booktitle = {The Adaptive Web: Methods and Strategies of Web Personalization (LNCS)},
	publisher = {Springer Berlin Heidelberg},
	volume = {4321},
	year = {2007},
	pages = {325--341}
}

@article{HSS+15,
	author = {T. Hossfeld and M. Seufert and C. Sieber and T. Zinner and P. Tran-Gia},
	title = {Identifying {QoE} optimal adaptation of {HTTP} adaptive streaming based on 
	subjective studies},
	journal = {Computer Networks},
	year = "2015"
}

@inproceedings{KEG+15,
	author = {Z. Kelvin and J. Erman and V. Gopalakrishnan and E. Halepovic and R. Jana and X. 
	Jin and J. Rexford and R. Sinha},
	title = {Can Accurate Predictions Improve Video Streaming in Cellular Networks?},
	booktitle = {Proc. ACM HotMobile},
	year = {2015},
}

@article{ChZC14,
	author = {L. Chen and Y.P. Zhou and D.M. Chiu}, 
	title = {A Study of User Behavior in Online VoD services}, 
	journal = {Computer Communications}, 
	vvvolume = {46},
	ppppages = {66--75}, 
	year = {2014}
}

@Misc{ Sandvine13,
	title = "Sandvine global Internet phenomena report- 2h2013- Technical report",
	publisher = "Sandvine Incorporated ULC.",
	year = "2013",
	mmmmonth = "Nov.",
}

@Misc{ Sandvine14,
	title = "Sandvine global Internet phenomena report- 2h2014- Technical report",
	publisher = "Sandvine Incorporated ULC.",
	year = "2014",
	mmmmonth = "Nov.",
}

@Misc{ Sandvine15,
	title = "Sandvine global Internet phenomena- {Africa, Middle East and North America}- 
	Technical report",
	publisher = "Sandvine Incorporated ULC.",
	year = "2015",
	mmmmonth = "Dec.",
}

@ARTICLE{Rizz97,
	author = {Luigi Rizzo.},
	title = {Dummynet: A Simple Approach to the Evaluation of Network Protocols},
	journal = {ACM CCR},
	year = {1997},
	vvvolume = {27},
	pppages = {31--41},
}

@InProceedings{ HHH+12,
	author = "T. Huang and N. Handigol and B. Heller and N. McKeown and R. Johari.",
	title = "Confused, Timid, and Unstable: Picking a Video Streaming Rate is Hard",
	booktitle = "Proc. ACM IMC",
	year = "2012",
	aaaaddress = "Boston, MA",
	mmmonth = {Nov.}
}


@InProceedings{ AABD12,
	title = "What happens when {HTTP} adaptive streaming players compete for bandwidth?",
	aaauthor = "S. Akhshabi and others",
	author = "S. Akhshabi and L. Anantakrishnan and A. C. Begen and C. Dovrolis.",
	booktitle = "Proc. ACM NOSSDAV",
	aaaaddress = {Toronto, Canada},
	mmonth = {Feb.},
	year = "2012",
}


@InProceedings{ AkBC11,
	title = "An experimental evaluation of rate-adaptation algorithms in adaptive streaming over 
	{HTTP}",
	author = "S. Akhshabi and A. C. Begen and C. Dovrolis.",
	booktitle = "Proc. ACM MMSys",
	year = "2011",
	aaaaddress= {San Jose, CA},
	mmmmonth = {Feb.}
}

@InProceedings{KBC+13,
	author = {V. Krishnamoorthi and P. Bergstr{\"o}m and N. Carlsson and D. Eager and A. 
	Mahanti and N. Shahmehri.},
	title = "Empowering the Creative User: Personalized {HTTP}-based Adaptive Streaming of 
	Multi-path Nonlinear Video",
	booktitle = "Proc. ACM SIGCOMM FhMN Workshop",
	year = "2013",
	aaaddress = "Hong Kong, China",
}

@InProceedings{ KCE+13,
	author = "V. Krishnamoorthi and N. Carlsson and D. Eager and A. Mahanti and N. 
	Shahmehri.",
	title = "Helping hand or hidden hurdle: Proxy-assisted {HTTP}-based adaptive streaming 
	performance",
	booktitle = "Proc. IEEE MASCOTS",
	aaaddress={San Francisco, CA},
	year = "2013",
	mmmmonth = {Aug.}
}

@InProceedings{ KCE+14,
	author = "V. Krishnamoorthi and N. Carlsson and D. Eager and A. Mahanti and N. 
	Shahmehri.",
	title = "Quality-adaptive prefetching for interactive branched video using http-based 
	adaptive Streaming",
	booktitle = "Proc. ACM Multimedia",
	aaaaddress={Orlando, FL},
	year = "2014"
}


@inproceedings{JiSZ12,
	author = {J. Jiang and V. Sekar and H. Zhang.},
	title = {Improving Fairness, Efficiency, and Stability in {HTTP}-based Adaptive Video 
	Streaming with {FESTIVE}},
	booktitle = {Proc. ACM CoNEXT},
	year = {2012},
	aaaaddress = {Nice, France}
}

@Article{ JHJ+12,
	author = "D. Johansen and P. Halvorsen and H. Johansen and H. Riiser and C. Gurrin and B. 
	Olstad and C. Griwodz and
	{\AA}. Kvalnes and J. Hurley and T. Kupka.",
	journal = "MTA",
	title = "Search-based composition, streaming and playback of video archive content",
	vvvolume={61},
	pppages={419-445} ,
	year = 2012
}

@InProceedings{ AADB13,
	author = "S. Akhshabi and L. Anantakrishnan and C. Dovrolis and A. C. Begen.",
	title = "Server-based Traffic Shaping for Stabilizing Oscillating Adaptive Streaming Players",
	booktitle = "Proc. ACM NOSSDAV",
	year = "2013",
	aaaaaddress = {Oslo, Norway},
	
}

@InProceedings{ CCPM13,
	author = "L. {De Cicco} and V. Caldaralo and V. Palmisano and S. Mascolo.",
	booktitle = "Proc. IEEE Packet Video Workshop",
	title = "{ELASTIC}: A Client-Side Controller for Dynamic Adaptive Streaming over {HTTP} 
	({DASH})",
	year = "2013",
	aaaaddress= "San Jose, CA"
}

@Article{ BeER11,
	author = {S. Benno and J. O. Esteban  and I. Rimac.},
	title = {Adaptive Streaming: The Network {HAS} to Help},
	journal = {Bell Lab. Tech. Journal},
	year = {2011},
	aaaaddress = {New York, NY},
}

@inproceedings{DSA+11,
	author = {F. Dobrian and others},
	aaauthor = {F. Dobrian and V. Sekar and A. Awan and I. Stoica and D. Joseph and A. Ganjam 
	and J. Zhan and H. Zhang.},
	title = {Understanding the Impact of Video Quality on User Engagement},
	booktitle = {Proc. ACM SIGCOMM},
	year = {2011},
	aaaaaddress = {Toronto, Canada},
}

@inproceedings{HuJM13,
	author = {T.Y. Huang and R. Johari and N. McKeown.},
	title = {Downton {A}bbey Without the Hiccups: Buffer-based Rate Adaptation for {HTTP} 
	Video Streaming},
	booktitle = {ACM SIGCOMM Workshop on FhMN},
	year = {2013},
	location = {Hong Kong, China},
	ppppages = {9--14}
} 

@inproceedings{HJM+14,
	aauthor = {T.Y. Huang and others},
	author = {T.Y. Huang and R. Johari and N. McKeown and M. Trunnell and M. Watson},
	title = {A Buffer-Based Approach to Rate Adaptation: Evidence from a Large Video 
	Streaming Service},
	booktitle = {Proc. ACM SIGCOMM},
	year = {2014},
	location = {Chicago, IL},
} 

@inproceedings{RBV+12,
	author = {H. Riiser and H. S. Bergsaker and P. Vigmostad and P. Halvorsen and C. Griwodz.},
	title = {A comparison of quality scheduling in commercial adaptive {HTTP} streaming 
	solutions on a {3G} network.},
	booktitle = {Proc. MoVID},
	year = {2012},
	aaaddress = {Chapel Hill, NC}
}

@article{RaLo03,
	author = {Rao, Bharat and Minakakis, Louis},
	title = {Evolution of Mobile Location-based Services},
	journal = {Commun. ACM},
	month = dec,
	year = {2003},
	publisher = {ACM},
} 

@article{MoRS00,
	author = {Mobasher, Bamshad and Cooley, Robert and Srivastava, Jaideep},
	title = {Automatic Personalization Based on Web Usage Mining},
	journal = {Commun. ACM},
	month = aug,
	year = {2000},
	publisher = {ACM},
} 
@inproceedings{EMAC07,
	author = {J. Erman and A.Mahanti and M. Arlitt and C. Williamson},
	title = {Identifying and Discriminating Between Web and Peer-to-peer Traffic in the Network 
	Core},
	booktitle = {Proc. ACM WWW},
	year = {2007},
} 

@inproceedings{BeTS06,
	author = {L. Bernaille and R. Teixeira and K. Salamatian},
	title = {Early Application Identification},
	booktitle = {Proc. ACM CoNEXT},
	year = {2006},
} 
@inproceedings{KaPM05,
	author = {T. Karagiannis and K. Papagiannaki and M. Faloutsos},
	title = {BLINC: Multilevel Traffic Classification in the Dark},
	booktitle = {Proc. ACM SIGCOMM},
	year = {2005},
} 

@inproceedings{MoZu05,
	author = {A. Moore and D. Zuev},
	title = {Internet Traffic Classification Using Bayesian Analysis Techniques},
	booktitle = {Proc. ACM SIGMETRICS},
	year = {2005},
} 

@INPROCEEDINGS{ZaNA05, 
	author={S. Zander and T. Nguyen and G. Armitage}, 
	title={Automated traffic classification and application identification using machine learning}, 
	booktitle={Proc. IEEE LCN}, 
	year={2005}, 
}

@inproceedings{ErAM06,
	author = {J. Erman and M. Arlitt and A. Mahanti},
	title = {Traffic Classification Using Clustering Algorithms},
	booktitle = {Proc. ACM SIGCOMM Workshop on Mining Network Data},
	year = {2006},
} 

@inproceedings {GSZ+15,
	author = {A. Ganjam and F. Siddiqui and J. Zhan and X. Liu and I. Stoica and J. Jiang and V. 
	Sekar and H. Zhang},
	title = {C3: Internet-Scale Control Plane for Video Quality Optimization},
	booktitle = {Proc. USENIX NSDI},
	year = {2015},
}

@article {PWH+16,
	aaauthor = {S. Petrangeli and others},
	author = {S. Petrangeli and T. Wauters and R. Huysegems and T. Bostoen and F. De Turck},
	title = {Software-defined network-based prioritization to avoid video freezes in {HTTP} 
	adaptive streaming},
	journal = {Int. Journal of Network Management},
	year = {2016},
}

@ARTICLE{ZXG+14, 
	author={L. Zhi and Z. Xiaoqing and J. Gahm and P. Rong and H. Hao and A.C. Begen and D. 
	Oran}, 
	journal={IEEE Journal on Selected Areas in Communications}, 
	title={Probe and Adapt: Rate Adaptation for {HTTP} Video Streaming At Scale}, 
	year={2014}, 
}

@inproceedings{ZEG+15,
	author = {X. Zou and J. Erman and V. Gopalakrishnan and E. Halepovic and R. Jana and X. 
	Jin and J. Rexford and R. Sinha},
	title = {Can Accurate Predictions Improve Video Streaming in Cellular Networks?},
	booktitle = {Proc. ACM HotMobile},
	year = {2015},
} 


@INPROCEEDINGS{MoCC11, 
	author={R. Mok and E. Chan and R. Chang}, 
	booktitle={Proc. IFIP/IEEE Integrated Network Management }, 
	title={Measuring the quality of experience of {HTTP} video streaming}, 
	year={2011}, 
}

@inproceedings{FMM+11,
	author = {A. Finamore and M. Mellia and M. Munaf\`{o} and R. Torres and S. Rao},
	title = {{YouTube} Everywhere: Impact of Device and Infrastructure Synergies on User 
	Experience},
	booktitle = {Proc. ACM IMC},
	year = {2011},
} 

@article{AlNe11,
	author = {S. Alcock and R. Nelson},
	title = {Application Flow Control in {YouTube} Video Streams},
	journal = {SIGCOMM Comput. Commun. Rev.},
	issue_date = {April 2011},
	volume = {41},
	number = {2},
	month = {apr},
	year = {2011},
	pages = {24--30},
} 
@INPROCEEDINGS{CFSA14, 
	author={P. Casas and P. Fiadino and A. Sackl and A. D'Alconzo}, 
	booktitle={Proc. IFIP WD}, 
	title={{YouTube} in the move: Understanding the performance of {YouTube} in cellular 
	networks}, 
	year={2014}, 
}

@article{YOUQMON,
	author = {P. Casas and M. Seufert and R. Schatz},
	title = {{YOUQMON}: A System for On-line Monitoring of {YouTube} {QoE} in Operational 
	{3G} Networks},
	journal = {SIGMETRICS Perform. Eval. Rev.},
	year = {2013},
} 

@ARTICLE{CDF+14, 
	author={P. Casas and A. D'Alconzo and P. Fiadino and A. B\"ar and A. Finamore and T. 
	Zseby}, 
	journal={IEEE Trans. Network and Service Management}, 
	title={When {YouTube} Does not Work: Analysis of {QoE}-Relevant Degradation in {Google 
	CDN} Traffic}, 
	year={2014}, 
}

@inproceedings{SHHK16,
	author={C. Sieber and P. Heegaard and T. Ho{\ss}feld and W. Kellerer},
	title={Sacrificing Efficiency for Quality of Experience: {YouTube}'s Redundant Traffic 
	Behavior},
	booktitle={Proc. IFIP/IEEE Networking},
	year={2016},
}

@inproceedings{SBHK15,
	author    = {C. Sieber and A. Blenk and M. Hinteregger and W. Kellerer},
	title     = {The cost of aggressive {HTTP} adaptive streaming: Quantifying {YouTube's} 
	redundant traffic},
	booktitle = {Proc. IFIP/IEEE IM}, 
	aaaaddress = {Ottawa, Canada},
	mmmmonth = {},
	year      = {2015}
}

@inproceedings{MACS13,
	author = {A. Mansy and M. Ammar and J. Chandrashekar and A. Sheth},
	title = {Characterizing Client Behavior of Commercial Mobile Video Streaming Services},
	booktitle = {Proc. ACM MoVID},
	year = {2013},
} 

@inproceedings{KrSi12,
	author = {S. Krishnan and R. Sitaraman},
	title = {Video Stream Quality Impacts Viewer Behavior: Inferring Causality Using 
	Quasi-experimental Designs},
	booktitle = {Proc. ACM IMC},
	year = {2012},
}

@ARTICLE{ZCXZ15, 
	author={J. Zhang and X. Chen and Y. Xiang and W. Zhou and J. Wu}, 
	journal={IEEE/ACM Trans. Netw.}, 
	title={Robust Network Traffic Classification}, 
	year={2015}, 
}

@article{LeLe13,
	author = {Y. Lee and Y. Lee},
	title = {Toward Scalable Internet Traffic Measurement and Analysis with Hadoop},
	journal = {SIGCOMM Comput. Commun. Rev.},
	year = {2013},
	volume = {43},
	number = {1},
	pages = {5--13},
} 


@inproceedings{YCD+06,
	author = {F. Yu and Z. Chen and Y. Diao and T. Lakshman and R. Katz},
	title = {Fast and Memory-efficient Regular Expression Matching for Deep Packet Inspection},
	bbbooktitle = {Proc. ACM/IEEE Symposium on Architecture for Networking and 
	Communications Systems},
	booktitle = {Proc. ACM/IEEE ANCS},
	year = {2006},
} 

@article{BeMu11,
	title={The end of the net as we know it? Deep packet inspection and {I}nternet governance},
	author={R. Bendrath and M. Mueller},
	journal={New Media \& Society},
	year={2011},
	publisher={SAGE Publications}
}

@article{CaCR11,
	title={Optimizing deep packet inspection for high-speed traffic analysis},
	author={N. Cascarano  and L. Ciminiera and F. Risso},
	journal={Journal of Network and Systems Management},
	year={2011},
}

@inproceedings{RSFV08,
	author = {A. Ramachandran and S. Seetharaman and N. Feamster and V. Vazirani},
	title = {Fast Monitoring of Traffic Subpopulations},
	booktitle = {Proc. ACM IMC},
	year = {2008},
} 

@article{NKCS14,
	author = {H. Nam and K. Kim and D. Calin and H. Schulzrinne},
	title = {{YouSlow}: A Performance Analysis Tool for Adaptive Bitrate Video Streaming},
	journal = {ACM CCR},
	year = {2014},
} 

@ARTICLE{Frie00,
	author = {J. H. Friedman},
	title = {Greedy Function Approximation: A Gradient Boosting Machine},
	journal = {Annals of Statistics},
	year = {2000},
}

@INPROCEEDINGS{CaNi06,
	author = {R. Caruana and A. Niculescu-Mizil},
	title = {An Empirical Comparison of Supervised Learning Algorithms Using Different 
	Performance Metrics},
	booktitle = {Proc. ICML},
	year = {2006},
}



@inproceedings{JCK+13,
	title={Predicting user dissatisfaction with internet application performance at end-hosts},
	author={D. Joumblatt and J. Chandrashekar and B. Kveton and N. Taft and R. Teixeira},
	booktitle={Proc. IEEE INFOCOM},
	year={2013},
}

@inproceedings{HSH+11,
	title={Quantification of {YouTube} {QoE} via crowdsourcing},
	author={T. Ho{\ss}feld and M. Seufert and M. Hirth and T. Zinner and P. Tran-Gia and R. 
	Schatz},
	booktitle={Proc. IEEE Symp. on Multimedia},
	year={2011},
}

@inproceedings{DiBS13,
	title={Analysis of {YouTube} user experience from passive measurements},
	author={G. Dimopoulos and P. Barlet-Ros and J. Sanjuas-Cuxart},
	booktitle={Proc. IEEE Network and Service Management},
	year={2013},
}

@inproceedings{SEJ+14,
	title={Understanding the impact of network dynamics on mobile video user engagement},
	aaauthor={M. Shafiq and others},
	author={M. Shafiq and J. Erman and L. Ji and A. Liu and J. Pang and J. Wang},
	booktitle={Proc. ACM SIGMETRICS Performance Evaluation Review},
	year={2014},
}

@inproceedings{QJHG16,
	author = {F. Qian and L. Ji and B. Han and V. Gopalakrishnan},
	title = {Optimizing 360 Video Delivery over Cellular Networks},
	booktitle = {Proc. ACM All Things Cellular: Operations, Applications and Challenges},
	year = {2016},
} 

@article{WCS+16,
	title = "Modeling the {YouTube} stack: From packets to quality of experience ",
	author = "F. Wamser and P. Casas and M. Seufert and C. Moldovan and P. Tran-Gia and T. 
	Hossfeld",
	journal = "Computer Networks ",
	volume = "109, Part 2",
	number = "",
	pages = "211 - 224",
	year = "2016",
}

@inproceedings{CXZ+14,
	title={A survey on encrypted traffic classification},
	author={Z. Cao and G. Xiong and Y. Zhao and Z. Li and L. Guo},
	booktitle={Proc. Applications and Techniques in Information Security},
	ppppages={73--81},
	year={2014},
	organization={Springer}
}

@inproceedings{XJF+15,
	title={Investigating transparent web proxies in cellular networks},
	author={X. Xu and J. Jiang and T. Flach  and E. Katz-Bassett and D. Choffnes and R. 
	Govindan},
	booktitle={Proc. PAM},
	pages={262--276},
	year={2015},
}


@inproceedings{PCW+16,
	title={Towards QoE assessment of encrypted YouTube adaptive video streaming in mobile 
	networks},
	author={W, Pan and G. Cheng and H. Wu and Y. Tang},
	booktitle={Proc. IWQoS},
	ppppages={1--6},
	year={2016},
}

@article{DDP+16,
	title={Real Time Video Quality Representation Classification of Encrypted HTTP Adaptive 
	Video Streaming-the Case of Safari},
	author={R. Dubin and A. Dvir and O. Pele and O. Hadar and I. Richman and O. Trabelsi},
	journal={arXiv preprint},
	year={2016}
}

@misc{ETSI,
	title={126 247 V10.1.0. Technical specification},
	publisher={European Telecommunications Standards Institute},
	year={2012}
}

@misc{conviva,
	//author = {{Conviva: in-app QoE monitoring}},
	//title = {Conviva and NexStreaming Partner to Bring High-Quality Viewing Experience to 
	Mobile Video Audience},
	title = {{Conviva: in-app QoE monitoring}},
	//year = {2014},
	url = {https://goo.gl/kcLC9D}
}

@misc{newrelic,
	author = {{New Relic}},
	title = {Mobile {APM} Features},
	//year = {2017},
	url = {https://goo.gl/Z75dTl}
}




@inproceedings{Erman:2011:OTV,
	author = {Erman, Jeffrey and Gerber, Alexandre and Ramakrishnan, K. K. and Sen, 
	Subhabrata and Spatscheck, Oliver},
	title = {{Over the top video: The gorilla in cellular networks}},
	booktitle = {ACM Internet Measurement Conference},   
	publisher = {ACM},
	pages = {127-136},
	ISBN = {978-1-4503-1013-0},
	year = {2011},
	venueabbrv = {ACM IMC}
}

@inproceedings{Harrison:2011:TAPSENSE,
	author = {Harrison, Chris and Schwarz, Julia and Hudson, Scott E.},
	title = {{TapSense}: enhancing finger interaction on touch surfaces},
	booktitle = {Proceedings of the 24th annual ACM symposium on User interface software 
	and technology},
	series = {UIST '11},
	year = {2011},
	isbn = {978-1-4503-0716-1},
	location = {Santa Barbara, California, USA},
	pages = {627--636},
	numpages = {10},
	url = {http://doi.acm.org/10.1145/2047196.2047279},
	doi = {10.1145/2047196.2047279},
	acmid = {2047279},
	publisher = {ACM},
	address = {New York, NY, USA},
	keywords = {acoustic classification, collaborative, finger, input, interactive surfaces, 
	multi-user, pens, stylus, tabletop computing, tangibles, tools, touchscreen},
	venueabbrv={ACM UIST}
} 

@inproceedings{Huang:2012:IMC-VideoRate,
	author = {Huang, Te-Yuan and Handigol, Nikhil and Heller, Brandon and McKeown, Nick and 
	Johari, Ramesh},
	title = {Confused, timid, and unstable: picking a video streaming rate is hard},
	booktitle = {Proceedings of the 2012 ACM conference on Internet measurement 
	conference},
	series = {IMC '12},
	year = {2012},
	isbn = {978-1-4503-1705-4},
	location = {Boston, Massachusetts, USA},
	pages = {225--238},
	numpages = {14},
	url = {http://doi.acm.org/10.1145/2398776.2398800},
	doi = {10.1145/2398776.2398800},
	acmid = {2398800},
	publisher = {ACM},
	address = {New York, NY, USA},
	keywords = {http-based video streaming, video rate adaptation},
	venueabbrv={ACM IMC}
} 

@inproceedings{Jin:2010:NEVERMIND,
	author = {Jin, Yu and Duffield, Nick and Gerber, Alexandre and Haffner, Patrick and Sen, 
	Subhabrata and Zhang, Zhi-Li},
	title = {{NEVERMIND}, the problem is already fixed: proactively detecting and 
	troubleshooting customer {DSL} problems},
	booktitle = {Proceedings of the 6th International COnference},
	series = {Co-NEXT '10},
	year = {2010},
	isbn = {978-1-4503-0448-1},
	location = {Philadelphia, Pennsylvania},
	pages = {7:1--7:12},
	articleno = {7},
	numpages = {12},
	url = {http://doi.acm.org/10.1145/1921168.1921178},
	doi = {10.1145/1921168.1921178},
	acmid = {1921178},
	publisher = {ACM},
	address = {New York, NY, USA},
	venueabbrv={Co-NEXT}
} 

@inproceedings{Qian:2010:TOP,
	author = {Qian, Feng and Wang, Zhaoguang and Gerber, Alexandre and Mao, Z. Morley and 
	Sen, Subhabrata and Spatscheck, Oliver},
	title = {{TOP}: Tail Optimization Protocol For Cellular Radio Resource Allocation},
	booktitle = {Proceedings of the The 18th IEEE International Conference on Network 
	Protocols},
	series = {ICNP '10},
	year = {2010},
	isbn = {978-1-4244-8644-1},
	pages = {285--294},
	numpages = {10},
	url = {http://dx.doi.org/10.1109/ICNP.2010.5762777},
	doi = {10.1109/ICNP.2010.5762777},
	acmid = {2015507},
	publisher = {IEEE Computer Society},
	address = {Washington, DC, USA},
	venueabbrv={ICNP}
} 

@inproceedings{Xu:2011:IMC,
	author = {Xu, Qiang and Erman, Jeffrey and Gerber, Alexandre and Mao, Zhuoqing and 
	Pang, Jeffrey and Venkataraman, Shobha},
	title = {Identifying diverse usage behaviors of smartphone apps},
	booktitle = {Proceedings of the 2011 ACM SIGCOMM conference on Internet measurement 
	conference},
	series = {IMC '11},
	year = {2011},
	isbn = {978-1-4503-1013-0},
	location = {Berlin, Germany},
	pages = {329--344},
	numpages = {16},
	url = {http://doi.acm.org/10.1145/2068816.2068847},
	doi = {10.1145/2068816.2068847},
	acmid = {2068847},
	publisher = {ACM},
	address = {New York, NY, USA},
	keywords = {app usage behavior, smartphone apps},
	venueabbrv={ACM IMC}
} 

@inproceedings{Hsieh:2003:CMI,
	author = {Hsieh, Robert and Seneviratne, Aruna},
	title = {A comparison of mechanisms for improving mobile {IP} handoff latency for 
	end-to-end {TCP}},
	booktitle = {Proceedings of the 9th annual international conference on Mobile computing 
	and networking},
	series = {MobiCom '03},
	year = {2003},
	isbn = {1-58113-753-2},
	location = {San Diego, CA, USA},
	pages = {29--41},
	numpages = {13},
	url = {http://doi.acm.org/10.1145/938985.938989},
	doi = {10.1145/938985.938989},
	acmid = {938989},
	publisher = {ACM},
	address = {New York, NY, USA},
	venueabbrv={ACM MobiCom}
} 


@article{corriveau1999vqeg,
	title={{VQEG} evaluation of objective methods of video quality assessment},
	author={Corriveau, P. and Webster, A.},
	journal={SMPTE journal},
	volume={108},
	number={9},
	pages={645--648},
	year={1999},
	publisher={The Society of Motion Picture and Television Engineers}
}


@ARTICLE{ETSI-MOS,
	author={Johannesson, N.O.},
	journal={IEEE Comm. Mag.}, 
	title={The {ETSI} computation model: a tool for transmission planning of telephone 
	networks},
	year={1997},
	month={Jan},
	volume={35},
	number={1},
	pages={70 -79},
	doi={10.1109/35.568213},
	ISSN={0163-6804},
}

@ARTICLE{Tibshirani:Lasso,
	author={Tibshirani, R.},
	journal={J.R.Statist. Soc. B},
	title={Optimal Reinsertion:Regression shrinkage and selection via
	the {LASSO}},
	year={1996},
	volume={58},
	number={1},
	pages={267-288},
}

@article{Friedman:Hastie:Tibshirani:2009:JSSOBK:v33i01,
	author =	"Jerome H. Friedman and Trevor Hastie and Rob Tibshirani",
	title =	"Regularization Paths for Generalized Linear Models via Coordinate Descent",
	journal =	"Journal of Statistical Software",
	volume =	"33",
	number =	"1",
	pages =	"1--22",
	day =  	"2",
	month =	"2",
	year = 	"2010",
	CODEN =	"JSSOBK",
	ISSN = 	"1548-7660",
	bibdate =	"2009-12-15",
	URL =  	"http://www.jstatsoft.org/v33/i01",
	accepted =	"2009-12-15",
	acknowledgement = "",
	keywords =	"",
	submitted =	"2009-04-22",
}


@ARTICLE{Ng,
	author={Ng, A.},
	journal={ICML},
	title={Feature selection, {L1} vs {L2} regularization, and rotational invariance},
	year={2004},
}


@ARTICLE{IEEEspeech,
	author={},
	journal={Audio and Electroacoustics, IEEE Transactions on},
	title={{IEEE} Recommended Practice for Speech Quality Measurements},
	year={1969},
	month={Sep},
	volume={17},
	number={3},
	pages={ 225 - 246},
	doi={10.1109/TAU.1969.1162058},
	ISSN={0018-9278 },}

@inproceedings{Ghobadi:2012:TRL:2342821.2342838,
	author = {Ghobadi, Monia and Cheng, Yuchung and Jain, Ankur and Mathis, Matt},
	title = {Trickle: rate limiting YouTube video streaming},
	booktitle = {Proceedings of the 2012 USENIX conference on Annual Technical Conference},
	series = {USENIX ATC'12},
	year = {2012},
	location = {Boston, MA},
	pages = {17--17},
	numpages = {1},
	url = {http://dl.acm.org/citation.cfm?id=2342821.2342838},
	acmid = {2342838},
	publisher = {USENIX Association},
	address = {Berkeley, CA, USA},
	venueabbrv={USENIX ATC}
}

@INPROCEEDINGS{Conway:2002:voice,
	author={Conway, A.E.},
	booktitle={Communications, 2002. ICC 2002. IEEE International Conference on}, title={A 
	passive method for monitoring voice-over-IP call quality with ITU-T objective speech quality 
	measurement methods},
	year={2002},
	month={},
	volume={4},
	number={},
	pages={ 2583 - 2586 vol.4},
	keywords={Codecs;Internet telephony;Jitter;Loss measurement;Monitoring;Q 
	measurement;Quality of service;Signal processing;Signal processing algorithms;Speech 
	processing; Internet telephony; monitoring; speech processing; voice communication; ITU-T 
	P.861 PSQM; ITU-T P.862 PESQ; VoIP call quality; objective speech quality measurement; 
	voice signal processing algorithms; voice-over-IP;},
	doi={10.1109/ICC.2002.997309},
	ISSN={},
	venueabbrv={IEEE ICC},
}


@inproceedings{dobrian2011understanding,
	author = {Dobrian, Florin and Sekar, Vyas and Awan, Asad and Stoica, Ion and Joseph, Dilip 
	and Ganjam, Aditya and Zhan, Jibin and Zhang, Hui},
	title = {Understanding the impact of video quality on user engagement},
	booktitle = {Proceedings of the ACM SIGCOMM 2011 conference},
	series = {SIGCOMM '11},
	year = {2011},
	isbn = {978-1-4503-0797-0},
	location = {Toronto, Ontario, Canada},
	pages = {362--373},
	numpages = {12},
	url = {http://doi.acm.org/10.1145/2018436.2018478},
	doi = {10.1145/2018436.2018478},
	acmid = {2018478},
	publisher = {ACM},
	address = {New York, NY, USA},
	keywords = {engagement, measurement, video quality},
	venueabbrv={ACM SIGCOMM},
} 

@inproceedings{krishnan2012video,
	author = {Krishnan, S. Shunmuga and Sitaraman, Ramesh K.},
	title = {Video stream quality impacts viewer behavior: inferring causality using 
	quasi-experimental designs},
	booktitle = {Proceedings of the 2012 ACM conference on Internet measurement 
	conference},
	series = {IMC '12},
	year = {2012},
	isbn = {978-1-4503-1705-4},
	location = {Boston, Massachusetts, USA},
	pages = {211--224},
	numpages = {14},
	url = {http://doi.acm.org/10.1145/2398776.2398799},
	doi = {10.1145/2398776.2398799},
	acmid = {2398799},
	publisher = {ACM},
	address = {New York, NY, USA},
	keywords = {causal inference, internet content delivery, multimedia, quasi-experimental 
	design, streaming video, user behavior, video quality},
	venueabbrv = {ACM IMC}
} 

@inproceedings{balachandran2012quest,
	title={A quest for an {Internet Video Quality-of-Experience metric}},
	author={Balachandran, A. and Sekar, V. and Akella, A. and Seshan, S. and Stoica, I. and 
	Zhang, H.},
	booktitle= HOTNETS,
	year={2012}
}

@inproceedings{Halepovic:2012:TTFB,
	author = {Halepovic, Emir and Pang, Jeffrey and Spatscheck, Oliver},
	title = {Can you {GET} me now?: estimating the time-to-first-byte of {HTTP} transactions 
	with passive measurements},
	booktitle = {Proceedings of the 2012 ACM conference on Internet measurement 
	conference},
	series = {IMC '12},
	year = {2012},
	isbn = {978-1-4503-1705-4},
	location = {Boston, Massachusetts, USA},
	pages = {115--122},
	numpages = {8},
	url = {http://doi.acm.org/10.1145/2398776.2398789},
	doi = {10.1145/2398776.2398789},
	acmid = {2398789},
	publisher = {ACM},
	address = {New York, NY, USA},
	keywords = {measurement, performance, round trip time, time to first byte},
	venueabbrv = {ACM IMC}
} 

@inproceedings{verma2009spatial,
	title={Which spatial partition trees are adaptive to intrinsic dimension?},
	author={Verma, N. and Kpotufe, S. and Dasgupta, S.},
	booktitle={Proceedings of the Twenty-Fifth Conference on Uncertainty in Artificial 
	Intelligence},
	pages={565--574},
	year={2009},
	organization={AUAI Press},
	venueabbrv = {AUAI UAI}
}

@inproceedings{song2011q,
	title={Q-score: proactive service quality assessment in a large {IPTV} system},
	author={Song, H.H. and Ge, Z. and Mahimkar, A. and Wang, J. and Yates, J. and Zhang, Y. 
	and Basso, A. and Chen, M.},
	booktitle={Proceedings of the 2011 ACM SIGCOMM conference on Internet measurement 
	conference},
	pages={195--208},
	year={2011},
	organization={ACM},
	venueabbrv = {ACM IMC}
}

@inproceedings{pinson2003comparing,
	title={Comparing subjective video quality testing methodologies},
	author={Pinson, M. and Wolf, S.},
	booktitle={SPIE Video Communications and Image Processing Conf.},
	volume={5150},
	pages={573--582},
	year={2003},
	venueabbrv = {SPIE VCIP}
}

@book{international1996methods,
	title={Methods for subjective determination of transmission quality},
	author={International Telecommunication Union. Telecommunication Standardization 
	Sector},
	year={1996},
	publisher={International Telecommunication Union}
}


@inproceedings{sugimoto2009objective,
	title={Objective perceptual video quality measurement method based on hybrid no 
	reference framework},
	author={Sugimoto, O. and Naito, S. and Sakazawa, S. and Koike, A.},
	booktitle={Image Processing (ICIP), 2009 16th IEEE International Conference on},
	pages={2237--2240},
	year={2009},
	organization={IEEE},
	venueabbrv = {IEEE ICIP}
}


@article{wang2003objective,
	title={Objective video quality assessment},
	author={Wang, Z. and Sheikh, H.R. and Bovik, A.C.},
	journal={The handbook of video databases: design and applications},
	pages={1041--1078},
	year={2003},
	publisher={CRC Press}
}

@article{pinson2004new,
	title={A new standardized method for objectively measuring video quality},
	author={Pinson, M.H. and Wolf, S.},
	journal={Broadcasting, IEEE Transactions on},
	volume={50},
	number={3},
	pages={312--322},
	year={2004},
	publisher={IEEE}
}

@article{lin2010versatile,
	title={A versatile model for packet loss visibility and its application to packet prioritization},
	author={Lin, T.L. and Kanumuri, S. and Zhi, Y. and Poole, D. and Cosman, P.C. and Reibman, 
	A.R.},
	journal={Image Processing, IEEE Transactions on},
	volume={19},
	number={3},
	pages={722--735},
	year={2010},
	publisher={IEEE}
}

@article{tao2008real,
	title={Real-time monitoring of video quality in {IP} networks},
	author={Tao, S. and Apostolopoulos, J. and Gu{\'e}rin, R.},
	journal = {IEEE/ACM Trans. Netw.},
	volume={16},
	number={5},
	year={2008},
	publisher={IEEE Press}
}

@inproceedings{speedtestingpang,
	author = {Gerber, Alexandre and Pang, Jeffrey and Spatscheck, Oliver and Venkataraman, 
	Shobha},
	title = {Speed testing without speed tests: estimating achievable download speed from 
	passive measurements},
	booktitle = {Proceedings of the 10th ACM SIGCOMM conference on Internet measurement},
	series = {IMC '10},
	year = {2010},
	isbn = {978-1-4503-0483-2},
	location = {Melbourne, Australia},
	pages = {424--430},
	numpages = {7},
	url = {http://doi.acm.org/10.1145/1879141.1879196},
	doi = {10.1145/1879141.1879196},
	acmid = {1879196},
	publisher = {ACM},
	address = {New York, NY, USA},
	keywords = {3G, UMTS, measurement, passive, throughput, wireless},
	venueabbrv = {ACM IMC}
} 

@TECHREPORT{HoÃfeld05:SkypeUMTS,
	author = {Tobias Ho{\ss}feld and Andreas Binzenhoefer and Markus Fiedler and Kurt 
	Tutschku},
	title = {Measurement and Analysis of {Skype} {VoIP} Traffic in {3G} {UMTS} Systems},
	institution = {No. 377, University of Wurzburg Institute of Computer Science},
	year = {2005}
}

@techreport{cui2012relationship,
	title={On the Relationship Between {QoS} and {QoE} for {Web} Sessions},
	author={Cui, H. and Biersack, E.},
	year={2012},
	institution={RR-12-263, EURECOM, http://www. eurecom. fr/cui/techrep/TechRep12263. 
	pdf}
}

@inproceedings{chen2009oneclick,
	title={{OneClick}: A framework for measuring network quality of experience},
	author={Chen, K.T. and Tu, C.C. and Xiao, W.C.},
	booktitle={INFOCOM 2009, IEEE},
	pages={702--710},
	year={2009},
	organization={IEEE},
	venueabbrv = {IEEE INFOCOM}
}

@article{garcia2019understanding,
	title={Understanding and estimating quality of experience in WebRTC applications},
	author={Garcia, Boni and Gallego, Micael and Gortazar, Francisco and Bertolino, Antonia},
	journal={Computing},
	%   volume={101},
	%   number={11},
	%   pages={1585--1607},
	year={2019},
	publisher={Springer}
}

@inproceedings{chen2006quantifying,
	author = {Chen, Kuan-Ta and Huang, Chun-Ying and Huang, Polly and Lei, Chin-Laung},
	title = {Quantifying {Skype} user satisfaction},
	booktitle = {Proceedings of the 2006 conference on Applications, technologies, 
	architectures, and protocols for computer communications},
	series = {SIGCOMM '06},
	year = {2006},
	%  isbn = {1-59593-308-5},
	%  location = {Pisa, Italy},
	%  pages = {399--410},
	%  numpages = {12},
	%  url = {http://doi.acm.org/10.1145/1159913.1159959},
	%  doi = {10.1145/1159913.1159959},
	%  acmid = {1159959},
	publisher = {ACM},
	%  address = {New York, NY, USA},
	%  keywords = {VoIP, human perception, internet measurement, quality of service, survival 
	%analysis, wavelet denoising},
	% venueabbrv={ACM SIGCOMM}
} 


@inproceedings{halepovic2009multimedia,
	title={Multimedia application performance on a {WiMAX} network},
	author={Halepovic, E. and Ghaderi, M. and Williamson, C.},
	booktitle={SPIE, Multimedia Computing and Networking},
	volume={7253},
	year={2009},
	venueabbrv={SPIE MMCN}
}

@inproceedings{rix2001perceptual,
	title={Perceptual evaluation of speech quality ({PESQ})-a new method for speech quality 
	assessment of telephone networks and codecs},
	author={Rix, A.W. and Beerends, J.G. and Hollier, M.P. and Hekstra, A.P.},
	booktitle={Acoustics, Speech, and Signal Processing, 2001. Proceedings.(ICASSP'01). 2001 
	IEEE International Conference on},
	volume={2},
	pages={749--752},
	year={2001},
	organization={IEEE},
	venueabbrv = {IEEE ICASSP}
}

@inproceedings{ricciato:conext05,
	author = {Ricciato, Fabio and Vacirca, Francesco and Karner, Martin},
	title = {{Bottleneck detection in {UMTS} via {TCP} passive monitoring: a real case}},
	booktitle = {CoNEXT '05: Proceedings of the 2005 ACM conference on Emerging network 
	experiment and technology},
	year = {2005},
	isbn = {1-59593-197-X},
	pages = {211--219},
	location = {Toulouse, France},
	doi = {http://doi.acm.org/10.1145/1095921.1095949},
	publisher = {ACM},
	address = {New York, NY, USA},
	venueabbrv = {ACM Co-NEXT}
}

@proceedings{cardwell:incofom00,
	author = {Cardwell, N. and Savage, S. and Anderson, T.},
	booktitle = {INFOCOM 2000. Nineteenth Annual Joint Conference of the IEEE Computer and 
	Communications Societies. Proceedings. IEEE},
	citeulike-article-id = {2669617},
	citeulike-linkout-0 = {http://dx.doi.org/10.1109/INFCOM.2000.832574},
	citeulike-linkout-1 = {http://ieeexplore.ieee.org/xpls/abs_all.jsp?arnumber=832574},
	doi = {10.1109/INFCOM.2000.832574},
	journal = {INFOCOM 2000. Nineteenth Annual Joint Conference of the IEEE Computer and 
	Communications Societies. Proceedings. IEEE},
	keywords = {connection, data, establishment, latency, model, tcp, transfer},
	pages = {1742--1751 vol.3},
	posted-at = {2008-04-14 17:11:36},
	priority = {0},
	title = {{Modeling {TCP} latency}},
	url = {http://dx.doi.org/10.1109/INFCOM.2000.832574},
	volume = {3},
	year = {2000},
	venueabbrv = {IEEE INFOCOM}
}

@article{heidemann:ton97,
	author = {Heidemann, John and Obraczka, Katia and Touch, Joe},
	title = {Modeling the performance of {HTTP} over several transport protocols},
	journal = {IEEE/ACM Trans. Netw.},
	volume = {5},
	number = {5},
	year = {1997},
	issn = {1063-6692},
	pages = {616--630},
	doi = {http://dx.doi.org/10.1109/90.649564},
	publisher = {IEEE Press},
	address = {Piscataway, NJ, USA},
}

@inproceedings{huang:imw01,
	author = {Huang, Polly and Feldmann, Anja and Willinger, Walter},
	title = {A non-instrusive, wavelet-based approach to detecting network performance 
	problems},
	booktitle = {IMW '01: Proceedings of the 1st ACM SIGCOMM Workshop on Internet 
	Measurement},
	year = {2001},
	isbn = {1-58113-435-5},
	pages = {213--227},
	location = {San Francisco, California, USA},
	doi = {http://doi.acm.org/10.1145/505202.505229},
	publisher = {ACM},
	address = {New York, NY, USA},
	venueabbrv = {ACM IMW}
}

@inproceedings{padhye:sigcomm98,
	author = {Padhye, J. and Firoiu, V. and Towsley, D. and Krusoe, J.},
	citeulike-article-id = {209251},
	citeulike-linkout-0 = {http://citeseer.ist.psu.edu/padhye98modeling.html},
	citeulike-linkout-1 = {http://citeseer.lcs.mit.edu/padhye98modeling.html},
	citeulike-linkout-2 = {http://citeseer.ifi.unizh.ch/padhye98modeling.html},
	citeulike-linkout-3 = {http://citeseer.comp.nus.edu.sg/padhye98modeling.html},
	booktitle = {Proceedings of the ACM SIGCOMM '98 conference on Applications, 
	technologies, architectures, and protocols for computer communication},
	keywords = {qos, tcp, throughput},
	pages = {303--314},
	posted-at = {2007-10-29 05:15:42},
	priority = {2},
	title = {{Modeling {TCP} Throughput: A Simple Model and its Empirical Validation}},
	url = {http://citeseer.ist.psu.edu/padhye98modeling.html},
	year = {1998},
	venueabbrv = {ACM SIGCOMM}
}

@article{sikdar:ton03,
	author = {Sikdar, Biplab and Kalyanaraman, Shivkumar and Vastola, Kenneth S.},
	title = {Analytic models for the latency and steady-state throughput of {TCP} {Tahoe}, 
	{Reno}, and {SACK}},
	journal = {IEEE/ACM Trans. Netw.},
	volume = {11},
	number = {6},
	year = {2003},
	issn = {1063-6692},
	pages = {959--971},
	doi = {http://dx.doi.org/10.1109/TNET.2003.820427},
	publisher = {IEEE Press},
	address = {Piscataway, NJ, USA},
}


@inproceedings{katti:imc04,
	author = {Katti, Sachin and Katabi, Dina and Blake, Charles and Kohler, Eddie and Strauss, 
	Jacob},
	title = {{MultiQ}: automated detection of multiple bottleneck capacities along a path},
	booktitle = {IMC '04: Proceedings of the 4th ACM SIGCOMM conference on Internet 
	measurement},
	year = {2004},
	isbn = {1-58113-821-0},
	pages = {245--250},
	location = {Taormina, Sicily, Italy},
	doi = {http://doi.acm.org/10.1145/1028788.1028820},
	publisher = {ACM},
	address = {New York, NY, USA},
	venueabbrv = {ACM IMC}
}

@article{kapoor:ccr04,
	author = {Kapoor, Rohit and Chen, Ling-Jyh and Lao, Li and Gerla, Mario and Sanadidi, M. 
	Y.},
	title = {{CapProbe}: A simple and accurate capacity estimation technique},
	journal = {SIGCOMM CCR},
	volume = {34},
	number = {4},
	year = {2004},
	issn = {0146-4833},
	pages = {67--78},
	doi = {http://doi.acm.org/10.1145/1030194.1015476},
	publisher = {ACM},
	address = {New York, NY, USA},
}

@article{dovrolis:ton04,
	author = {Dovrolis, Constantinos and Ramanathan, Parameswaran and Moore, David},
	title = {Packet-dispersion techniques and a capacity-estimation methodology},
	journal = {IEEE/ACM Trans. Netw.},
	volume = {12},
	number = {6},
	year = {2004},
	issn = {1063-6692},
	pages = {963--977},
	doi = {http://dx.doi.org/10.1109/TNET.2004.838606},
	publisher = {IEEE Press},
	address = {Piscataway, NJ, USA},
}

@article{carter:pe96,
	author = {Carter, Robert L. and Crovella, Mark E.},
	title = {Measuring bottleneck link speed in packet-switched networks},
	journal = {Perform. Eval.},
	volume = {27-28},
	year = {1996},
	issn = {0166-5316},
	pages = {297--318},
	doi = {http://dx.doi.org/10.1016/0166-5316(96)00036-3},
	publisher = {Elsevier Science Publishers B. V.},
	address = {Amsterdam, The Netherlands, The Netherlands},
}

@misc{netflow:rfc,
	title={{Cisco Systems NetFlow Services Export Version 9}},
	author={B. Claise},
	year={2004},
	month=Oct,
	howpublished={IETF RFC 5246},
}


@misc{tls,
	title={{The Transport Layer Security (TLS) Protocol Version 1.2}},
	year={2008},
	month=Aug,
	howpublished={IETF RFC 3954},
}


@misc{tech_report,
	title={},
	author={2012},
	year={},
	howpublished={ETSI TS 126 247 V10.1.0. Technical specification. European 
	Telecommunications Standards Institute (2012)},
}


@misc{ericsson,
	title={Multi-Service Proxy},
	year={2020},
	url={https://docuri.com/download/msp_59c1d020f581710b28642614_pdf}
}



@inproceedings{zangrilli:pam05,
	author = {Zangrilli, Marcia and Lowekamp, Bruce B.},
	citeulike-article-id = {2834763},
	citeulike-linkout-0 = {http://www.springerlink.com/content/mn20t8r79y2pw02j},
	booktitle = {Passive and Active Network Measurement},
	keywords = {\_2005, \_bib\_tesi, \_tesi, abw, ack, availablebandwidth, measurement, 
	networking, passive, presentation, tcp, theoretical},
	pages = {333--336},
	posted-at = {2008-05-26 16:00:27},
	priority = {2},
	title = {Applying Principles of Active Available Bandwidth Algorithms to Passive {TCP} 
	Traces},
	url = {http://www.springerlink.com/content/mn20t8r79y2pw02j},
	year = {2005},
	venueabbrv = {PAM}
}

@inproceedings{Romirer:tma09,
	author = {Romirer-Maierhofer, Peter and Ricciato, Fabio and D'Alconzo, Alessandro and 
	Franzan, Robert and Karner, Wolfgang},
	title = {Network-Wide Measurements of {TCP RTT} in {3G}},
	booktitle = {TMA '09: Proceedings of the First International Workshop on Traffic Monitoring 
	and Analysis},
	year = {2009},
	isbn = {978-3-642-01644-8},
	pages = {17--25},
	location = {Aachen, Germany},
	doi = {http://dx.doi.org/10.1007/978-3-642-01645-5_3},
	publisher = {Springer-Verlag},
	address = {Berlin, Heidelberg},
	venueabbrv = {TMA}
}

@inproceedings{But:LCN05,
	author = {But, Jason and Keller, Urs and Armitage, Grenville},
	title = {Passive {TCP} Stream Estimation of {RTT} and Jitter Parameters},
	booktitle = {LCN '05: Proceedings of the The IEEE Conference on Local Computer Networks 
	30th Anniversary},
	year = {2005},
	isbn = {0-7695-2421-4},
	pages = {433--441},
	doi = {http://dx.doi.org/10.1109/LCN.2005.101},
	publisher = {IEEE Computer Society},
	address = {Washington, DC, USA},
	venueabbrv = {IEEE LCN}
}

@inproceedings{Erman:WWW09,
	author = {Erman, Jeffrey and Gerber, Alexandre and Hajiaghayi, Mohammad T. and Pei, Dan 
	and Spatscheck, Oliver},
	title = {Network-aware forward caching},
	booktitle = {WWW '09: Proceedings of the 18th international conference on World wide 
	web},
	year = {2009},
	isbn = {978-1-60558-487-4},
	pages = {291--300},
	location = {Madrid, Spain},
	doi = {http://doi.acm.org/10.1145/1526709.1526749},
	publisher = {ACM},
	address = {New York, NY, USA},
	venueabbrv = {WWW},
}

@book{Kaaranen:UMTS01,
	title="{{UMTS Networks: Architecture, Mobility and Services}}",
	author={Heikki Kaaranen and Siamak Naghian and Lauri Laitinen and Ari Ahtiainen and 
	Valtteri Niemi},
	year={2001},
	publisher={Wiley},
	address={New York, NY}
}

@misc{3gpp:GTP,
	title="{{Digital cellular telecommunications system (Phase 2+); Universal Mobile 
	Telecommunications System (UMTS); General Packet Radio Service (GPRS); GPRS 
	Tunnelling Protocol (GTP) across the Gn and Gp interface (3GPP TS 29.060 version 6.18.0 
	Release 6)}}",
	author="{3GPP}",
	year=2007,
	howpublished={{ETSI TS 129 060 V6.18.0 (2007-10)}},
}

@inproceedings{Seshan:USITS97,
	author = {Seshan, Srinivasan and Stemm, Mark and Katz, Randy H.},
	title = {{SPAND: Shared Passive Network Performance Discovery}},
	booktitle = {USITS'97: Proceedings of the USENIX Symposium on Internet Technologies and 
	Systems on USENIX Symposium on Internet Technologies and Systems},
	year = {1997},
	pages = {13--13},
	location = {Monterey, California},
	publisher = {USENIX Association},
	address = {Berkeley, CA, USA},
	venueabbrv = {USENIX USITS}
}

@inproceedings{Pahdye:SIGCOMM01,
	author = {Pahdye, Jitendra and Floyd, Sally},
	title = {On inferring {TCP} behavior},
	booktitle = {SIGCOMM '01: Proceedings of the 2001 conference on Applications, 
	technologies, architectures, and protocols for computer communications},
	year = {2001},
	isbn = {1-58113-411-8},
	pages = {287--298},
	location = {San Diego, California, United States},
	doi = {http://doi.acm.org/10.1145/383059.383083},
	publisher = {ACM},
	address = {New York, NY, USA},
	venueabbrv = {ACM SIGCOMM}
}

@article{Chen:TPDS09,
	author = {Chen, Kuan-Ta and Huang, Polly and Lei, Chin-Laung},
	title = {Effect of Network Quality on Player Departure Behavior in Online Games},
	journal = {IEEE Trans. Parallel Distrib. Syst.},
	issue_date = {May 2009},
	volume = {20},
	number = {5},
	month = may,
	year = {2009},
	issn = {1045-9219},
	pages = {593--606},
	numpages = {14},
	url = {http://dx.doi.org/10.1109/TPDS.2008.148},
	doi = {10.1109/TPDS.2008.148},
	acmid = {1525754},
	publisher = {IEEE Press},
	address = {Piscataway, NJ, USA},
	keywords = {Departure analysis, Departure analysis, Internet measurement, logistic 
	regression, MMORPG, quality of service, user behavior., Internet Measurement, Internet 
	measurement, MMOG, MMORPG, Quality of Service, User Behavior, logistic regression, 
	quality of service, user behavior.},
} 


@misc{deviceanywhere,
	title={{DeviceAnywhere}},
	howpublished={http://www.keynotedeviceanywhere.com/test-center-enterprise.html},
}


@inproceedings{Chang:2010:Sikuli,
	author = {Chang, Tsung-Hsiang and Yeh, Tom and Miller, Robert C.},
	title = {{GUI} testing using computer vision},
	booktitle = {Proceedings of the SIGCHI Conference on Human Factors in Computing 
	Systems},
	series = {CHI '10},
	year = {2010},
	isbn = {978-1-60558-929-9},
	location = {Atlanta, Georgia, USA},
	pages = {1535--1544},
	numpages = {10},
	url = {http://doi.acm.org/10.1145/1753326.1753555},
	doi = {10.1145/1753326.1753555},
	acmid = {1753555},
	publisher = {ACM},
	address = {New York, NY, USA},
	keywords = {gui automation, gui testing, test by demonstration},
	venueabbrv = {ACM CHI}
} 



@INPROCEEDINGS{argus, 
	author={He Yan and Flavel, A. and Zihui Ge and Gerber, A. and Massey, D. and 
	Papadopoulos, C. and Shah, H. and Yates, J.}, 
	booktitle={INFOCOM, 2012 Proceedings IEEE}, 
	title={Argus: End-to-end service anomaly detection and localization from an {ISP}'s point of 
	view}, 
	year={2012}, 
	month={march}, 
	volume={}, 
	number={}, 
	pages={2756 -2760}, 
	doi={10.1109/INFCOM.2012.6195694}, 
	ISSN={0743-166X},
	venueabbrv={IEEE INFOCOM}
}

@article{Kaminka:2002:GFT,
	author = {Kaminka, Gal A. and Veloso, Manuela M. and Schaffer, Steve and Sollitto, Chris 
	and Adobbati, Rogelio and Marshall, Andrew N. and Scholer, Andrew and Tejada, Sheila},
	title = {GameBots: a flexible test bed for multiagent team research},
	journal = {Commun. ACM},
	issue_date = {January 2002},
	volume = {45},
	number = {1},
	year = {2002},
	issn = {0001-0782},
	pages = {43--45},
	numpages = {3},
	url = {http://doi.acm.org/10.1145/502269.502293},
	doi = {10.1145/502269.502293},
	acmid = {502293},
	publisher = {ACM},
	address = {New York, NY, USA},
} 

@inproceedings{dudik08:nips,
	author={Miroslav Dudik and Steven Phillips},
	title={Generative and Discriminative Learning with Unknown Labeling Bias},
	booktitle={NIPS},
	year={2008},
}

@inproceedings{Bickel:2007:DLD,
	author = {Bickel, Steffen and Br\"{u}ckner, Michael and Scheffer, Tobias},
	title = {Discriminative learning for differing training and test distributions},
	booktitle = {ICML},
	series = {ICML '07},
	year = {2007},
	isbn = {978-1-59593-793-3},
	location = {Corvalis, Oregon},
	pages = {81--88},
	numpages = {8},
	url = {http://doi.acm.org/10.1145/1273496.1273507},
	doi = {10.1145/1273496.1273507},
	acmid = {1273507},
	publisher = {ACM},
	address = {New York, NY, USA},
} 

@article{Cole:2001:VOI,
	author = {Cole, R. G. and Rosenbluth, J. H.},
	title = {Voice over {IP} performance monitoring},
	journal = {SIGCOMM CCR},
	issue_date = {April 2001},
	volume = {31},
	number = {2},
	month = apr,
	year = {2001},
	issn = {0146-4833},
	pages = {9--24},
	numpages = {16},
	url = {http://doi.acm.org/10.1145/505666.505669},
	doi = {10.1145/505666.505669},
	acmid = {505669},
	publisher = {ACM},
	address = {New York, NY, USA},
} 

@misc{emodel,
	howpublished={ITU-T Recommendation G.107}, 
	title={The {E-Model}, a computational model for use in transmission planning}, 
	month={December},
	year={1998},
}



@inproceedings{hostview,
	title={Predicting User Dissatisfaction with {Internet} Application Performance at End-Hosts},
	author={Diana Joumblatt and Jaideep Chandrashekar and Branislav Kveton and Nina Taft 
	and Renata Teixeira},
	booktitle={Proc. IEEE INFOCOM},
	year=2013,
}

@book{duda2000,
	author={R. Duda and P. Hart and D. Stork}, 
	title={Pattern Classification},
	publisher={Wiley}, 
	year={2000},
}

@inproceedings{freund96adaboost,
	abstract = {{In an earlier paper [9], we introduced a new \&quot;boosting\&quot; algorithm 
	called AdaBoost which,
	theoretically, can be used to significantly reduce the error of any learning algorithm that
	consistently generates classifiers whose performance is a little better than random guessing.
	We also introduced the related notion of a \&quot;pseudo-loss\&quot; which is a method for 
	forcing a learning
	algorithm of multi-label concepts to concentrate on the labels that are hardest to 
	discriminate.
	In this paper, we describe...}},
	author = {Freund, Yoav and Schapire, Robert E.},
	booktitle = {ICML},
	citeulike-article-id = {167628},
	citeulike-linkout-0 = {http://citeseerx.ist.psu.edu/viewdoc/summary?doi=10.1.1.51.6252},
	keywords = {boosting},
	pages = {148--156},
	posted-at = {2008-03-25 13:13:28},
	priority = {2},
	title = {{Experiments with a New Boosting Algorithm}},
	url = {http://citeseerx.ist.psu.edu/viewdoc/summary?doi=10.1.1.51.6252},
	year = {1996}
}



@ARTICLE{dash_qoe_tob,
	author={Y. Liu and S. Dey and F. Ulupinar and M. Luby and Y. Mao},
	journal={IEEE Transactions on Broadcasting},
	title={Deriving and Validating User Experience Model for {DASH} Video Streaming},
	year={2015}
}  


@misc{squid,
	title={Squid: Optimising Web Delivery},
	year={2020},
	url={http://www.squid-cache.org/}
}

@misc{fcc,
	title={{FCC} dataset},
	year={2020},
	url={https://www.fcc.gov/measuring-broadband-america}
}


@online{selenium,
	title={Selenium: Web browser automation},
	year={2017},
	url={http://www.seleniumhq.org}
}

@online{scikit,
	title={Scikit: Python library},
	year={2018},
	url={scikit-learn.org/stable}
}

@online{browsermob,
	title={{BrowserMob} proxy: Network monitoring},
	year={2017},
	url={https://bmp.lightbody.net}
}


@online{tshark,
	title={TShark: Network traffic capturing},
	year={2017},
	url={https://www.wireshark.org/docs/man-pages/tshark.html}
}



@online{har,
	title={{HAR: HTTP Archive}},
	year={2017},
	url={http://www.softwareishard.com/blog/har-12-spec/}
}


@misc{spark2016apache,
	title={Apache Spark: Lightning-fast cluster computing},
	author={Spark},
	year={2016},
	publisher={Retrieved from Apache Spark: http://spark. apache. org}
}


@inproceedings{Trevisan2017,
	author = {Trevisan, Martino and Drago, Idilio and Mellia, Marco},
	title = {{PAIN: A Passive Web Speed Indicator for ISPs}},
	booktitle = {ACM, Internet QoE},
	year = {2017},
} 


@ARTICLE{Casas2016next, 
	author={P. Casas and M. Seufert and F. Wamser and B. Gardlo and A. Sackl and R. Schatz}, 
	journal={IEEE Transactions on Network and Service Management}, 
	title={Next to You: Monitoring Quality of Experience in Cellular Networks From the 
	End-Devices}, 
	year={2016}, 
	volume={13}, 
	number={2}, 
	pages={181-196}, 
	keywords={online front-ends;quality of experience;smart phones;social networking 
	(online);Chrome;Facebook;Google Maps;Internet access;Web 
	browsing;WhatsApp;YouTube;access bandwidth;access latency;cellular network 
	operators;crowd-sourced feedback;end-device passive measurements;mobile 
	devices;network measurements;quality of experience 
	monitoring;smartphones;Bandwidth;Mobile communication;Monitoring;Quality of 
	service;Smart phones;YouTube;Crowdsourcing;End-device Measurements;Field 
	Trial;Mobile Apps;QoE;Smartphones;Subjective Lab 
	Tests;YoMoApp;crowdsourcing;end-device measurements;field trial;mobile 
	apps;smartphones;subjective lab tests}, 
	doi={10.1109/TNSM.2016.2537645}, 
	ISSN={1932-4537}, 
	month={June},}

@inproceedings{hintz2003fingerprinting,
	author = {Hintz, Andrew},
	title = {Fingerprinting Websites Using Traffic Analysis},
	booktitle = {PET},
	year = {2003},
} 

@inproceedings{Balachandran2014,
	author = {Balachandran, Athula and Aggarwal, Vaneet and Halepovic, Emir and Pang, Jeffrey 
	and Seshan, Srinivasan and Venkataraman, Shobha and Yan, He},
	title = {Modeling Web Quality-of-experience on Cellular Networks},
	booktitle = {Proceedings of the 20th Annual International Conference on Mobile Computing 
	and Networking},
	series = {MobiCom '14},
	year = {2014},
	isbn = {978-1-4503-2783-1},
	location = {Maui, Hawaii, USA},
	pages = {213--224},
	numpages = {12},
	url = {http://doi.acm.org/10.1145/2639108.2639137},
	doi = {10.1145/2639108.2639137},
	acmid = {2639137},
	publisher = {ACM},
	address = {New York, NY, USA},
	keywords = {cellular network, performance, quality of experience (qoe), web browsing}
} 



@inproceedings{Bocchi2016,
	author = {Bocchi, Enrico and De Cicco, Luca and Rossi, Dario},
	title = {Measuring the Quality of Experience of Web Users},
	booktitle = {Proceedings of the 2016 Workshop on QoE-based Analysis and Management of 
	Data Communication Networks},
	series = {Internet-QoE '16},
	year = {2016},
	isbn = {978-1-4503-4425-8},
	location = {Florianopolis, Brazil},
	pages = {37--42},
	numpages = {6},
	url = {http://doi.acm.org/2940136.2940138},
	doi = {2940136.2940138},
	acmid = {2940138},
	publisher = {ACM},
	address = {New York, NY, USA},
	keywords = {Above-the-fold, ByteIndex, DOM, MOS, ObjectIndex, Quality of Experience, 
	SpeedIndex, TTFB, TTFP, onLoad},
} 

@inproceedings{BUFFEST,
	author = {Krishnamoorthi, Vengatanathan and Carlsson, Niklas and Halepovic, Emir and 
	Petajan, Eric},
	title = {{BUFFEST}: Predicting Buffer Conditions and Real-time Requirements of {HTTP(S)} 
	Adaptive Streaming Clients},
	booktitle = {Proc. of ACM MMSys},
	year = {2017},
} 



@article{mpcdash,
	title={A control-theoretic approach for dynamic adaptive video streaming over {HTTP}},
	author={Yin, Xiaoqi and Jindal, Abhishek and Sekar, Vyas and Sinopoli, Bruno},
	journal={ACM SIGCOMM CCR},
	year={2015}
}

@article{benno2011adaptive,
	title={Adaptive streaming: The network HAS to help},
	author={Benno, Steven and Esteban, Jairo O and Rimac, Ivica},
	journal={Bell Labs Technical Journal},
	volume={16},
	number={2},
	pages={101--114},
	year={2011},
	publisher={Wiley Online Library}
}

@inproceedings{krishnamoorthi2013helping,
	title={Helping hand or hidden hurdle: Proxy-assisted {HTTP}-based adaptive streaming 
	performance},
	author={Krishnamoorthi, Vengatanathan and Carlsson, Niklas and Eager, Derek and 
	Mahanti, Anirban and Shahmehri, Nahid},
	booktitle={International Symposium on Modeling, Analysis \& Simulation of Computer and 
	Telecommunication Systems (MASCOTS)},
	pages={182--191},
	year={2013},
	organization={IEEE}
}

@article{bouten2015qoe,
	title={QoE-driven in-network optimization for Adaptive Video Streaming based on packet 
	sampling measurements},
	author={Bouten, Niels and Schmidt, Ricardo de O and Famaey, Jeroen and Latr{\'e}, Steven 
	and Pras, Aiko and De Turck, Filip},
	journal={Computer networks},
	volume={81},
	pages={96--115},
	year={2015},
	publisher={Elsevier}
}

@inproceedings{pan2016towards,
	title={Towards QoE assessment of encrypted YouTube adaptive video streaming in mobile 
	networks},
	author={Pan, Wubin and Cheng, Gaung and Wu, Hua and Tang, Yongning},
	booktitle={Quality of Service (IWQoS), 2016 IEEE/ACM 24th International Symposium on},
	pages={1--6},
	year={2016},
	organization={IEEE}
}

@inproceedings{Akhshabi2012,
	author = {Akhshabi, Saamer and Anantakrishnan, Lakshmi and Begen, Ali C. and Dovrolis, 
	Constantine},
	title = {What Happens when HTTP Adaptive Streaming Players Compete for Bandwidth?},
	booktitle = {Proceedings of the 22Nd International Workshop on Network and Operating 
	System Support for Digital Audio and Video},
	series = {NOSSDAV '12},
	year = {2012},
	isbn = {978-1-4503-1430-5},
	location = {Toronto, Ontario, Canada},
	pages = {9--14},
	numpages = {6},
	url = {http://doi.acm.org/10.1145/2229087.2229092},
	doi = {10.1145/2229087.2229092},
	acmid = {2229092},
	publisher = {ACM},
	address = {New York, NY, USA},
	keywords = {adaptive streaming, available bandwidth competition, player competition, 
	stability, video streaming over http},
} 

@inproceedings{mimic,
	title={{MIMIC}: Using passive network measurements to estimate {HTTP}-based adaptive 
	video {QoE} metrics},
	author={Mangla, Tarun and Halepovic, Emir and Ammar, Mostafa and Zegura, Ellen},
	booktitle={Proc. IEEE TMA/MNM},
	year={2017}
}

@inproceedings{dobrijevic2015ant,
	title={Ant colony optimization for QoE-centric flow routing in software-defined networks},
	author={Dobrijevic, Ognjen and Santl, Matija and Matijasevic, Maja},
	booktitle={2015 11th International Conference on Network and Service Management 
	(CNSM)},
	pages={274--278},
	year={2015},
	organization={IEEE}
}

@inproceedings{BenMustafa2018,
	author = {Ben Mustafa, Ibrahim and Nadeem, Tamer and Halepovic, Emir},
	title = {{FlexStream}: Towards Flexible Adaptive Video Streaming on End Devices Using 
	Extreme {SDN}},
	booktitle = {2018 ACM Multimedia Conference on Multimedia Conference},
	series = {MM '18},
	year = {2018},
	isbn = {978-1-4503-5665-7},
	location = {Seoul, Republic of Korea},
	pages = {555--563},
	publisher = {ACM}
}

@inproceedings{kassler2012towards,
	title={Towards {QoE}-driven multimedia service negotiation and path optimization with 
	software defined networking},
	author={Kassler, Andreas and Skorin-Kapov, Lea and Dobrijevic, Ognjen and Matijasevic, 
	Maja and Dely, Peter},
	booktitle={Proc. Software, Telecommunications and Computer Networks (SoftCOM)},
	pages={1--5},
	year={2012},
	organization={IEEE}
}

@inproceedings{Casas2016qoe,
	author = {Casas, Pedro and Gardlo, Bruno and Schatz, Raimund and Mellia, Marco},
	title = {An Educated Guess on QoE in Operational Networks Through Large-Scale 
	Measurements},
	booktitle = {Proceedings of the 2016 Workshop on QoE-based Analysis and Management of 
	Data Communication Networks},
	series = {Internet-QoE '16},
	year = {2016},
	isbn = {978-1-4503-4425-8},
	location = {Florianopolis, Brazil},
	pages = {1--6},
	numpages = {6},
	url = {http://doi.acm.org/2940136.2940137},
	doi = {2940136.2940137},
	acmid = {2940137},
	publisher = {ACM},
	address = {New York, NY, USA},
	keywords = {Cellular Networks, Network Measurements, Performance, QoE, Subjective Lab 
	Tests}
}

@INPROCEEDINGS{mansy2015, 
	author={A. Mansy and M. Fayed and M. Ammar}, 
	booktitle={Proc. of IFIP Networking}, 
	title={Network-layer fairness for adaptive video streams}, 
	year={2015}
}

@inproceedings{Xu2017,
	author = {Xu, Shichang and Sen, Subhabrata and Mao, Z. Morley and Jia, Yunhan},
	title = {Dissecting VOD Services for Cellular: Performance, Root Causes and Best Practices},
	booktitle = IMC,
	year = {2017},
} 

@ARTICLE{essaili2015, 
	author={A. E. Essaili and D. Schroeder and E. Steinbach and D. Staehle and M. Shehada}, 
	journal={IEEE TCSVT}, 
	title={{QoE}-Based Traffic and Resource Management for Adaptive {HTTP} Video Delivery in 
	{LTE}}, 
	year={2015}}

@misc{P1203,
	howpublished={ITU-T Recommendation P.1203}, 
	title={P.1203: Parametric bitstream-based quality assessment of progressive download and 
	adaptive audiovisual streaming services over reliable transport}, 
	year={2017},
}

@techreport{http2,
	title={Hypertext transfer protocol version 2 {(HTTP/2)}},
	author={Belshe, Mike and Peon, Roberto and Thomson, Martin},
	year={2015}
}

@techreport{quic,
	number =	{draft-ietf-quic-transport-16},
	type =		{Internet-Draft},
	institution =	{Internet Engineering Task Force},
	publisher =	{Internet Engineering Task Force},
	note =		{Work in Progress},
	url =		{https://datatracker.ietf.org/doc/html/draft-ietf-quic-transport-16},
	author =	{Jana Iyengar and Martin Thomson},
	title =		{{QUIC: A UDP-Based Multiplexed and Secure Transport}},
	pagetotal =	135,
	year =		2018,
	month =		oct,
	day =		23,
	abstract =	{This document defines the core of the QUIC transport protocol. This document 
	describes connection establishment, packet format, multiplexing, and reliability. 
	Accompanying documents describe the cryptographic handshake and loss detection.},
}


@ARTICLE{Hofstede2014, 
	author={R. Hofstede and P. Äeleda and B. Trammell and I. Drago and R. Sadre and A. 
	Sperotto and A. Pras}, 
	journal={IEEE Communications Surveys Tutorials}, 
	title={Flow Monitoring Explained: From Packet Capture to Data Analysis With {NetFlow and 
	IPFIX}}, 
	year={2014}, 
	volume={16}, 
	number={4}, 
	pages={2037-2064}, 
	keywords={data analysis;Internet;protocols;telecommunication traffic;Internet 
	measurements;deep packet inspection approach;data loss;flow data artifacts;sound flow 
	measurements;data collection;protocols;packet observation;packet-based traffic 
	analysis;flow analysis;high-speed networks;traffic monitoring;IPFIX;NetFlow;data 
	analysis;packet capture;flow monitoring;Telecommunication traffic;Telecommunication 
	congestion control;Internet;Data analysis;High-speed networks;Electronic mail;Flow 
	export;network monitoring;Internet measurements;NetFlow;IPFIX}, 
	doi={10.1109/COMST.2014.2321898}, 
	ISSN={1553-877X}, 
	month={Fourthquarter}}

@online{videoQoEmetrics,
	title={{Video QoE metrics}},
	year={2018},
	url={https://mux.com/blog/the-four-elements-of-video-performance/}
}


@online{ecomp,
	title={{ECOMP}},
	year={2018},
	url={https://about.att.com/content/dam/snrdocs/ecomp.pdf}
}

@incollection{li2019large,
	title={A large-scale analysis of deployed traffic differentiation practices},
	author={Li, Fangfan and Niaki, Arian Akhavan and Choffnes, David and Gill, Phillipa and 
	Mislove, Alan},
	booktitle=SIGCOMM,
	year={2019}
}

@inproceedings{raake2017bitstream,
	title={{A bitstream-based, scalable video-quality model for HTTP adaptive streaming: ITU-T 
	P. 1203.1}},
	author={Raake, Alexander and Garcia, Marie-Neige and Robitza, Werner and List, Peter and 
	G{\"o}ring, Steve and Feiten, Bernhard},
	booktitle={IEEE QoMEX},
	year={2017},
}

@inproceedings{seufert2019stream,
	title={Stream-based machine learning for real-time {QoE} analysis of encrypted video 
	streaming traffic},
	author={Seufert, Michael and Casas, Pedro and Wehner, Nikolas and Gang, Li and Li, 
	Kuang},
	booktitle={Proc. of IEEE ICIN},
	year={2019}
}

@inproceedings{loh2020uplink,
	title={{Is the Uplink Enough? Estimating Video Stalls from Encrypted Network Traffic}},
	author={Loh, Frank and Wamser, Florian and Moldovan, Christian and Zeidler, Bernd and 
	Tsilimantos, Dimitrios and Valentin, Stefan and Ho{\ss}feld, Tobias},
	booktitle=NOMS,
	year={2020},
}


@article{yu2019network,
	title={Network telemetry: towards a top-down approach},
	author={Yu, Minlan},
	journal= {ACM SIGCOMM CCR},
	volume={49},
	number={1},
	year={2019}
}

@article{bronzino2019inferring,
	title={{Inferring Streaming Video Quality from Encrypted Traffic: Practical Models and 
	Deployment Experience}},
	author={Bronzino, Francesco and Schmitt, Paul and Ayoubi, Sara and Martins, Guilherme 
	and Teixeira, Renata and Feamster, Nick},
	journal = SIGMETRICS,
	year={2019}
}

@inproceedings{bermudez2012dns,
	title={{DNS} to the rescue: discerning content and services in a tangled web},
	author={Bermudez, Ignacio N and Mellia, Marco and Munafo, Maurizio M and Keralapura, 
	Ram and Nucci, Antonio},
	booktitle= IMC,
	year={2012}
}



@article{blum2021webrtc,
	title={WebRTC-Realtime Communication for the Open Web Platform: What was once a way 
	to bring audio and video to the web has expanded into more use cases we could ever 
	imagine.},
	author={Blum, Niklas and Lachapelle, Serge and Alvestrand, Harald},
	journal={Queue},
	volume={19},
	number={1},
	pages={77--93},
	year={2021},
	publisher={ACM New York, NY, USA}
}



@misc{latency-report-apnic,
	title={{Working latency -- the next QoE frontier}},
	howpublished={\url{https://blog.apnic.net/2021/12/02/working-latency-the-next-qoe-frontier/}},
	year = {2021},
}


@misc{latency-report-iab-2,
	title={{A Single Common Metric to Characterize Varying Packet Delay}},
	howpublished={\url{https://www.iab.org/wp-content/IAB-uploads/2021/09/single-delay-metric.pdf}},
	year = {2021},
}

@misc{latency-report-iab,
	title={{Focusing on latency, not throughput, to provide a better internet experience and 
	network quality}},
	howpublished={\url{https://www.iab.org/wp-content/IAB-uploads/2021/09/Nokia-IAB-Measuring-Network-Quality-Improving-and-focusing-on-latency-.pdf}},
	year={2021},
}